3225 5192
1192 543 1632 607 „41ss

353 737 535 802 thiae
596 735 808 801 verba
859 737 946 820 (ν.
985 738 1173 820 338):
1222 731 1310 816 ὥς
1358 731 1477 828 ἡδύ
1521 764 1636 822 μοι
1684 736 2306 825 προσέπνευσε
2348 764 2486 822 χοι-

353 843 541 933 ρείων
586 849 804 933 κρεῶν.
900 843 1137 930 Itaque
1204 845 1404 908 facile
1473 845 1947 932 intellegemus
2015 866 2135 910 cur
2205 847 2489 910 trimetri

353 952 621 1018 iambici
686 974 902 1038 usque
970 953 1060 1017 ad
1106 974 1376 1016 versum
1426 957 1552 1017 339
1605 975 1645 1016 a
1693 952 2002 1042 Dionyso
2067 966 2135 1017 et
2181 953 2490 1018 Xanthia

354 1060 821 1126 exhibeantur.
945 1059 1192 1124 Nonne
1273 1072 1499 1124 autem
1579 1061 1884 1146 ineptum
1974 1073 2043 1124 et
2120 1060 2489 1125 absurdum

354 1169 625 1233 videtur
671 1189 818 1233 esse
866 1168 1159 1253 primum
1208 1168 1486 1231 chorum
1520 1169 1821 1231 carmina
1856 1179 2191 1245 cantasse,
2240 1168 2487 1232 deinde

355 1298 517 1341 vero
566 1297 831 1341 sacrum
892 1275 1590 1363 gravissimisverbis
1653 1263 1990 1364 (εὗφημεῖν
2033 1274 2178 1366 χρή)
2246 1274 2490 1339 inisse?

353 1383 564 1447 Immo
630 1404 794 1447 vero
861 1383 1127 1447 cantica
1194 1382 1303 1446 illa
1372 1404 1547 1468 quae
1606 1384 1811 1446 etiam
1858 1384 1925 1446 in
1974 1383 2080 1446 via
2129 1404 2325 1447 sacra
2377 1404 2490 1446 ca-

353 1502 602 1553 nuntur
670 1491 735 1573 (i.
787 1510 844 1554 e.
895 1502 1088 1554 extra
1137 1491 1527 1554 orchestrae
1575 1490 1943 1575 parodum)
2016 1492 2284 1554 minime
2344 1502 2490 1555 arte

356 1599 722 1663 cohaerent
792 1618 946 1662 cum
1016 1618 1210 1661 sacra
1274 1598 1548 1661 actione
1623 1619 1797 1682 quae
1868 1598 2103 1682 incipit
2177 1620 2216 1660 a
2287 1618 2489 1661 versu

356 1706 626 1770 demum
676 1709 824 1770 354.
2433 1692 2436 1695 ’

489 1812 891 1897 Priusquam
942 1813 1029 1876 ad
1079 1835 1218 1876 rem
1253 1824 1694 1889 revertamuS‚
1745 1813 1944 1876 liceat
1993 1814 2058 1874 in
2103 1813 2491 1875 universum

357 1921 442 1985 de
490 1921 851 1984 Eleusiniis
920 1932 988 1983 et
1038 1919 1299 2005 parodo
1368 1931 1596 1984 nostra
1664 1919 1982 1983 nonnulla
2031 1920 2487 2004 praemittere.

356 2027 430 2091 In
479 2030 574 2092 eis
623 2049 798 2114 quae
847 2040 1219 2113 sequuntur
1265 2027 1450 2113 apud
1498 2029 1754 2091 inferos
1797 2049 1836 2090 a
1871 2039 2245 2116 mystarum
2280 2028 2489 2091 choro

355 2135 699 2200 Eleusinia
749 2134 1197 2200 celebrantur.
1277 2134 1388 2198 Dii
1439 2134 1683 2220 quibus
1731 2156 1926 2199 sacra
1959 2146 2114 2198 sunt
2145 2134 2492 2197 Eleusinia

359 2255 512 2307 sunt
564 2255 732 2307 tres:
784 2242 996 2307 Ceres
1031 2242 1210 2307 Core
1246 2242 1534 2307 Iacchus
1554 2245 1621 2325 1).
1689 2242 2011 2306 Totidem
2053 2263 2495 2327 personarum

356 2372 595 2415 munus
644 2363 791 2414 erat
837 2351 1037 2414 variis
1085 2351 1294 2415 sacris
1327 2372 1645 2435 praeesse
1693 2362 1899 2435 atque
1933 2351 2191 2413 animos
2225 2349 2490 2413 sollemss-

358 2456 554 2521 nibus
602 2456 1121 2522 allocutionibus
1182 2458 1271 2521 ad
1320 2478 1514 2522 sacra
1565 2456 1978 2521 celebranda
2040 2477 2490 2541 praeparare:

354 2569 471 2631 τοῦ
533 2562 947 2654 ἱεροφάντου,
1018 2569 1133 2632 τοῦ
1196 2562 1544 2653 δᾳδούχου,
1617 2569 1734 2631 τοῦ
1795 2563 2084 2654 κήρυκος.
2180 2563 2495 2641 Quorum

356 2673 787 2737 sacerdotum
834 2684 1065 2759 partes
1114 2684 1186 2736 ut
1239 2685 1768 2737 consentaneum
1827 2684 1929 2736 est
1977 2672 2256 2755 suscipit
2305 2671 2490 2755 apud

357 2778 890 2865 Aristophanem
966 2792 1251 2866 uterque
1332 2781 1517 2844 chori
1589 2780 1751 2844 dux.
1868 2779 2183 2864 Apparet
2262 2789 2490 2841 autem

357 2888 555 2950 trium
604 2887 866 2950 illorum
912 2909 1192 2951 munera
1241 2888 1511 2950 omnino
1546 2899 1807 2950 tantum
1842 2885 2108 2950 duobus
2141 2885 2266 2948 illis
2299 2884 2487 2947 chori

359 2994 645 3059 ducibus
724 2995 1029 3059 mandari
1097 3016 1320 3080 posse.
1438 2993 1805 3057 Praeterea
1877 3016 1960 3056 ne
2032 2993 2142 3057 dei
2213 2992 2487 3078 quidem

342 3123 589 3177 ‚omnes
661 3114 797 3166 tres
868 3125 908 3167 a
980 3103 1188 3166 choro
1259 3103 1696 3176 invocantur3
1776 3123 1932 3164 nam
2004 3111 2274 3164 exstant
2344 3101 2487 3164 sola

355 3208 626 3274 Cereris
675 3222 743 3273 et
789 3209 1018 3275 Iacchi
1069 3210 1335 3274 cantica
1353 3210 1422 3292 2).
1486 3208 1584 3274 Ut
1616 3220 1856 3293 postea
1890 3207 2266 3272 videbimus
2302 3208 2488 3271 chori

356 3317 567 3382 duces
632 3339 835 3404 quem
884 3318 991 3382 ille
1040 3319 1311 3382 invocet
1359 3316 1561 3382 deum
1611 3339 1882 3402 semper
1928 3317 2321 3380 nominatim
2368 3338 2490 3399 ap-

354 3425 631 3510 pellant.
705 3425 778 3489 In
814 3425 1118 3489 versibus
1166 3437 1392 3489 autem
1430 3429 1776 3490 354—371
1831 3424 1920 3487 nil
1957 3424 2054 3487 ‘de
2099 3424 2324 3508 aliqua
2358 3422 2488 3486 dea

353 3532 683 3596 audimuS.
786 3533 1080 3597 Demum
1150 3533 1446 3597 carmine
1519 3542 1808 3594 exeunte
1883 3531 2014 3594 dea
2084 3531 2487 3606 nominatur,

355 3659 510 3703 cum
543 3638 757 3703 Ceres
806 3640 1092 3703 Iacchus
1141 3640 1205 3702 in
1254 3639 1586 3724 principio
1638 3638 2055 3701 canticorum
2106 3637 2485 3701 laudentur.

353 3744 651 3810 Accedit
713 3747 898 3832 quod
965 3746 1174 3810 verba
1242 3770 1304 3810 v.
1357 3750 1517 3811 382:
1592 3744 1814 3831 ἑτέραν
1878 3741 2086 3830 ὕμνων
2153 3743 2365 3824 ἰδέαν,
2434 3746 2487 3807 si

499 3962 538 4028 1)
580 3964 650 4013 cf.
672 3965 743 4013 A.
768 3964 1082 4027 Mommsen,
1110 3965 1481 4028 Heortologie
1509 3979 1561 4027 p.
1586 3965 1689 4014 222
1712 3978 1848 4028 sqq„
1887 3965 1953 4014 P.
1981 3964 2228 4028 διεκθεῖ,
2259 3963 2485 4013 Griech.

352 4055 890 4104 Kultusaltertt’imer
910 4071 962 4118 p.
988 4056 1087 4105 123
1109 4070 1245 4120 sqq„
1279 4056 1592 4116 Sckb'mann,
1618 4054 2205 4105 Griech.Alterttimer
2225 4054 2277 4101 II
2298 4069 2349 4116 p.
2368 4054 2486 4102 338.

496 4142 540 4209 ²)
578 4145 761 4193 Versu
811 4146 913 4195 378
969 4135 1213 4216 Σώτειρα
1272 4144 1433 4195 deam
1486 4144 1886 4209 Persephonen
1946 4157 2068 4192 esse
2127 4141 2272 4191 falso
2320 4144 2487 4191 inter-

353 4240 608 4304 pretatur
647 4236 811 4288 Kock.
