3225 5192
1175 529 1575 591 -7-

304 726 603 792 nondum
645 727 1017 814 participes
1050 728 1346 807 fuerunt,
1394 728 1730 815 parodum
1762 730 1854 794 ad
1886 730 2140 794 exitum
2172 731 2434 795 venisse

204 838 213 845 ’
305 825 663 900 manifesto
710 835 1066 922 colligitur.

1296 1070 1440 1152 §a

436 1194 812 1258 Videamus
882 1216 1018 1279 qua
1088 1194 1349 1258 ratione
1419 1216 1751 1279 personae
1835 1207 1902 1258 et
1967 1207 2123 1258 ante
2196 1195 2437 1279 parodi

302 1302 560 1365 initium
628 1312 695 1365 et
759 1312 915 1386 post
980 1299 1221 1386 parodi
1291 1300 1545 1363 exitum
1616 1322 1934 1364 scaenam
1998 1301 2251 1365 adeant
2321 1314 2438 1365 aut

304 1408 706 1493 relinquant.

439 1514 515 1578 In
562 1513 1120 1578 Acharnensibus
1182 1513 1570 1602 Lysistrata
1619 1513 2248 1578 Ecclesiazusarum
2316 1538 2439 1601 pa-

305 1622 475 1685 rodo
523 1620 585 1685 II
631 1620 832 1684 Pluto
881 1642 1114 1684 omnes
1161 1622 1520 1685 histriones
1569 1622 1822 1686 abeunt
1872 1645 1912 1686 a
1961 1644 2232 1699 scaena,
2283 1644 2434 1686 cum

304 1730 550 1792 chorus
598 1729 738 1792 sive
788 1727 969 1791 solus
1017 1729 1157 1791 sive
1207 1750 1340 1792 una
1390 1750 1543 1792 cum
1586 1750 1722 1792 uno
1755 1730 2076 1792 histrione
2127 1726 2432 1813 (Plutus'z

304 1835 535 1915 Cario)
616 1836 1036 1898 orchestram
1111 1835 1548 1922 ingrediatur.
1655 1836 1809 1898 Huc
1886 1836 2088 1898 etiam
2157 1835 2435 1921 Vespae

301 1942 807 2029 quodammodo
857 1956 1206 2028 spectant3
1272 1964 1429 2007 nam
1490 1942 1606 2006 ubi
1671 1945 1964 2028 primum
2011 1943 2434 2031 Bdelycleon

301 2050 368 2112 in
436 2049 708 2113 domum
776 2071 847 2113 se
912 2050 1230 2126 contulit,
1301 2062 1656 2113 remanent
1720 2050 1995 2135 quidem
2065 2048 2295 2114 Sosias
2367 2063 2435 2114 et

301 2155 644 2220 Xanthias
691 2158 756 2219 in
808 2178 1091 2232 scaena3
1159 2157 1283 2220 sed
1330 2158 1651 2243 quoniam
1699 2157 1852 2221 ilico
1914 2158 2138 2221 denuo
2187 2158 2436 2221 dormi-

301 2275 446 2326 tare
496 2274 890 2348 coeperunt‚
941 2264 1064 2327 toti
1111 2264 1374 2349 parodo
1424 2263 1688 2328 desunt.
1783 2264 1859 2326 In
1906 2263 2266 2349 Equitibus
2314 2287 2436 2351 ap-

299 2381 498 2455 paret
531 2368 890 2455 Paphlago
939 2370 1005 2432 in
1054 2391 1302 2433 scaena
1347 2371 1553 2455 paulo
1602 2382 1760 2434 ante
1812 2371 1997 2435 chori
2042 2371 2433 2449 adventum,

301 2498 455 2540 cum
517 2475 999 2562 Allantopolae
1068 2478 1410 2562 perterriti
1477 2478 1717 2564 fugam
1784 2480 2028 2542 chorus
2095 2479 2433 2544 accedens

298 2585 606 2648 retineat.
701 2584 777 2647 In
835 2584 1018 2649 Pace
1077 2586 1470 2670 priusquam
1538 2587 1784 2650 chorus
1853 2588 2271 2650 orchestram
2337 2588 2434 2650 in-

300 2692 524 2768 travit,
574 2691 970 2780 Cydoemus
1019 2704 1087 2755 et
1135 2692 1453 2756 Polemus
1521 2693 1606 2757 de
1657 2715 1909 2757 scaena
1965 2706 2430 2769 recesserunt3

299 2819 382 2862 ac
445 2798 809 2885 Trygaeus
870 2799 1050 2863 solus
1113 2800 1180 2861 in
1246 2820 1497 2863 scaena
1559 2813 1883 2865 remanet.
1977 2800 2053 2863 In
2115 2800 2432 2865 Nubibus

301 2904 568 2970 Avibus
601 2906 817 2970 Ranis
851 2906 1479 2970 Ecclesiazusarum
1524 2907 1790 2991 parodo
1838 2906 1866 2968 Ι
1914 2928 2247 2992 personae
2296 2929 2432 2971 non

302 3024 665 3079 mutantur.

433 3120 622 3184 Certi
672 3121 875 3208 igitur
921 3121 1082 3185 nihil
1131 3143 1213 3185 ex
1264 3124 1395 3186 hac
1444 3144 1515 3185 re
1550 3121 1875 3196 efficitur3
1923 3121 1993 3185 id
2040 3143 2245 3185 unum
2292 3122 2434 3185 for-

297 3239 478 3290 tasse
549 3228 832 3291 concedi
898 3240 1126 3313 potest
1193 3229 1438 3314 parodi
1502 3230 1760 3292 initium
1830 3229 2033 3292 facile
2097 3229 2252 3292 inde
2318 3249 2434 3292 co-

299 3334 567 3419 gnosci,
634 3334 819 3418 quod
879 3336 1084 3418 paulo
1151 3348 1307 3399 ante
1356 3338 1691 3421 parodum
1740 3338 2083 3413 ineuntem
2131 3335 2430 3420 plurimis

298 3443 365 3504 in
416 3428 783 3505 comoediis
841 3462 994 3504 cum
1042 3444 1200 3505 novi
1251 3444 1606 3508 histriones
1674 3446 1741 3507 in
1789 3465 2106 3508 scaenam
2153 3444 2431 3507 veniunt

297 3561 438 3611 tum
489 3549 600 3634 qui
650 3549 936 3612 aderant
984 3548 1256 3612 abeunt.
1794 3543 1798 3547 ’

433 3654 635 3732 Quae
669 3677 831 3719 vero
866 3656 1037 3719 ratio
1078 3654 1377 3719 exhibita
1427 3667 1530 3719 est
1563 3657 1630 3718 in
1661 3657 1904 3740 parodi
1953 3654 2184 3719 exitu?
2264 3656 2431 3733 Qui-

298 3760 424 3824 bus
474 3762 539 3824 in
587 3762 837 3826 fabulis
877 3763 1213 3847 parodum
1261 3784 1442 3848 agon
1476 3763 1799 3848 sequitur,
1848 3775 2244 3848 praesentes
2275 3785 2431 3848 per-

298 3890 498 3931 sonas
548 3870 612 3950 (i.
651 3891 707 3932 e.
762 3881 828 3932 et
878 3872 1157 3933 chorum
1207 3881 1274 3933 et
1307 3870 1692 3952 histriones)
1743 3871 1809 3933 in
1859 3891 2107 3934 scaena
2156 3892 2428 3934 manere

297 3974 911 4040 animadvertimus.
1008 3976 1224 4040 Huius
1290 3991 1444 4040 sunt
1507 3977 1759 4065 ordinis
1815 3976 2102 4061 Equites
2153 3977 2428 4062 Vespae

296 4081 505 4145 AveS.
577 4080 675 4145 At
723 4104 884 4146 vero
934 4085 998 4146 in
1032 4083 1591 4148 Acharnensibus
1626 4083 1941 4147 Nubibus
1973 4081 2157 4147 Pace
2206 4106 2425 4169 neque

300 4209 709 4274 quemquam
743 4210 973 4252 earum
1021 4211 1197 4275 quae
1232 4190 1479 4255 adsunt
1510 4212 1951 4277 personarum
1986 4189 2172 4254 abire
2206 4212 2426 4276 neque
