3225 5192
937 746 1165 812 Versu
1244 751 1370 814 437
1421 769 1568 834 sqq.
1637 746 2066 834 Strepsiades
2148 768 2314 834 prae
2402 768 2474 811 se
2559 746 2693 811 fert
2783 768 2936 812 sese

796 855 1085 920 libenter
1151 856 1374 919 omnia
1445 855 1863 940 perlaturum
1912 877 2092 933 esse,
2158 855 2525 919 dummodo
2591 854 2717 918 sibi
2783 856 2938 919 usui

798 964 949 1028 sint.
1031 963 1244 1040 Quod
1278 963 1617 1027 canticum
1664 976 1901 1048 aperte
1933 963 2173 1048 parodi
2204 963 2353 1026 finis
2386 962 2653 1026 videtur
2680 963 2935 1037 fuisse3

799 1071 1025 1155 itaque
1086 1070 1368 1134 extremi
1416 1091 1652 1133 versus
1700 1073 2087 1145 457--477‚
2160 1070 2273 1154 qui
2331 1091 2453 1133 nos
2500 1069 2590 1133 ad
2636 1090 2937 1154 sequens

798 1176 1177 1241 diverbium
1225 1177 1613 1254 traducunt,
1663 1177 1964 1240 excitant
2013 1175 2400 1261 scrupulum
2419 1177 2486 1259 l).

934 1300 1289 1366 Postremo
1338 1323 1513 1386 quae
1562 1301 1649 1366 de
1699 1302 1940 1387 parodi
1988 1301 2199 1365 altera
2244 1312 2439 1386 parte
2474 1302 2935 1386 exposuimUS‚

800 1408 1001 1472 liceat
1047 1410 1286 1493 paucis
1335 1409 1936 1494 comprehendere.

1015 1540 1122 1580 vv.
1175 1520 1546 1582 314-328,
1585 1522 1735 1583 356.
1772 1521 1896 1582 357
1951 1515 2327 1580 diverbium
2369 1516 2545 1579 inter
2575 1513 2937 1579 Socratem

1228 1635 1298 1688 et
1347 1622 1812 1709 Strepsiadem

960 1754 1123 1795 —vv.
1175 1735 1526 1797 358—363
1577 1732 2006 1817 coryphaeus

906 1782 1123 1902 ssvv.
1176 1843 1303 1904 364
1337 1859 1485 1925 sqq.
1515 1837 1635 1924 (Ρὲ)
1700 1838 2077 1903 diverbium
2132 1839 2308 1901 inter
2354 1838 2812 1924 coryphaeum
2867 1848 2936 1901 et

1230 1944 1584 2010 Socratem

974 2076 1123 2117 -vv.
1175 2055 1580 2137 (412—422)
1632 2057 1982 2118 427-428
2060 2053 2488 2139 coryphaeus
2565 2052 2713 2137 (aut
2791 2052 2935 2116 dux

1231 2159 1477 2223 sinistri
1525 2160 1926 2246 hemichori)

864 2280 1124 2330 ‚z—vv.
1177 2271 1528 2332 429—438
1608 2266 1984 2332 diverbium
2072 2269 2248 2332 inter
2324 2270 2785 2354 coryphaeum
2868 2279 2935 2331 et

1154 2376 1161 2383 ’
1232 2374 1698 2460 Strepsiadem

1018 2504 1125 2546 vv.
1177 2486 1526 2548 439—456
1578 2480 1989 2567 Strepsiadis
2037 2483 2378 2546 canticum

938 2606 1124 2671 Num
1171 2629 1332 2672 vero
1384 2608 1496 2693 qui
1546 2618 1803 2671 restant
1850 2629 2085 2670 versus
2136 2612 2507 2685 329—355,
2558 2612 2933 2685 364—411,

806 2718 1186 2792 423—426,
1256 2718 1606 2780 457—477
1675 2714 1916 2799 prioris
1986 2714 2261 2778 fabulae
2326 2715 2565 2801 agonis
2613 2715 2934 2801 reliquiae

805 2844 892 2885 an
942 2823 1440 2885 retractationis
1488 2821 1953 2885 additamenta
1995 2822 2147 2898 sint,
2199 2821 2516 2906 equidem
2550 2822 2934 2886 discernere

803 2949 940 2992 non
990 2929 1243 2992 molior.
1331 2928 1409 2992 Id
1456 2950 1662 2991 unum
1709 2929 2031 3013 praedico
2079 2930 2253 2992 inter
2300 2950 2533 2993 versus
2583 2934 2933 2995 329—355

807 3049 874 3100 et
945 3041 1287 3102 364—411
1364 3037 1694 3100 rationem
1761 3037 2104 3122 quandam
2170 3037 2630 3114 intercedere,
2701 3038 2794 3100 ita
2867 3049 2935 3100 ut

808 3142 940 3207 illic
1003 3143 1089 3206 de
1138 3143 1439 3207 Nubium
1508 3145 1772 3229 specie,
1842 3144 1951 3208 hic
2020 3144 2105 3207 de
2171 3155 2410 3207 natura
2482 3165 2564 3208 ac
2629 3146 2936 3229 potentia

807 3262 1069 3337 agatur.

941 3357 1261 3422 Similiter
1329 3370 1534 3443 atque
1583 3356 1908 3442 Equitum
1974 3356 2248 3422 Pacis
2317 3357 2614 3442 parodus
2677 3358 2936 3421 initium

808 3465 1011 3549 capit.
1105 3463 1287 3527 Nam
1354 3475 1426 3526 ut
1489 3464 1620 3527 illic
1669 3486 1902 3528 servus
1967 3465 2060 3528 ita
2107 3465 2218 3528 hic
2264 3464 2631 3550 Trygaeus
2698 3476 2939 3528 auctor

809 3582 911 3635 est
960 3572 1145 3635 chori
1194 3571 1678 3656 aggredientis,
1753 3570 1933 3635 Sane
1982 3571 2253 3656 quidem
2302 3593 2536 3635 versus
2585 3576 2936 3638 296—298

809 3679 1207 3756 offendunt,
1270 3680 1461 3764 quia,
1527 3701 1940 3765 quamquam
2003 3700 2154 3742 cum
2202 3701 2403 3742 versu
2452 3683 2578 3744 299
2627 3700 2727 3764 sq.
2778 3699 2941 3742 con-

809 3787 1018 3849 iuncti
1089 3788 1491 3863 cohaerent,
1563 3799 1789 3851 tamen
1858 3787 2137 3850 trimetri
2205 3786 2476 3850 iambici
2541 3797 2728 3863 sunt,
2803 3808 2936 3849 non

809 3895 1181 3958 tetrametri
1229 3896 1574 3960 trochaici.

955 4164 994 4230 1)
1034 4167 1153 4215 Hos
1210 4181 1405 4216 versus
1463 4167 1723 4215 Zielinski
1772 4183 1823 4230 p.
1865 4168 1927 4216 51
1990 4169 2196 4217 conicit
2254 4183 2376 4217 esse
2433 4169 2631 4233 agonis
2690 4168 2940 4230 corrupti

812 4255 1079 4306 antodam
1118 4271 1226 4304 una
1266 4272 1393 4305 curn
1432 4256 2023 4305 anticataceleusmate
2058 4256 2140 4321 (Ρ).
