3225 5192
1187 573 1632 637 ..57-

482 775 751 842 Chorus
797 787 1162 863 postquam
1209 798 1442 841 omnes
1474 778 1861 864 quicunque
1896 777 2142 842 adsunt
2173 776 2479 843 Graecos

348 885 608 970 impulit
670 896 744 948 ut
808 906 1014 971 quam
1078 885 1425 949 celerrime
1492 886 1578 949 ad
1645 887 1928 950 salutem
1995 886 2481 951 restituendam

347 992 596 1056 auxilio
675 993 982 1071 veniant,
1069 994 1468 1081 Trygaeum
1549 994 1712 1078 quid
1789 995 2047 1057 faciant
2126 994 2482 1058 consulens

349 1101 436 1182 (v.
505 1101 659 1182 305)
738 1099 1098 1185 pollicetur
1175 1101 1510 1164 neminem
1587 1102 1776 1185 prius
1855 1101 2254 1165 destiturum
2333 1122 2480 1165 esse

347 1229 552 1293 quam
587 1207 893 1272 vectibus
927 1210 1387 1292 machinisque
1422 1209 1623 1273 deam
1657 1210 1721 1272 in
1756 1209 1976 1273 lucem
2002 1209 2478 1294 protraxerint.

349 1314 626 1380 Summo
674 1316 928 1401 gaudio
991 1316 1147 1380 elati
1196 1317 1520 1401 incipiunt
1571 1317 1817 1380 saltare
1879 1338 1963 1381 ac
2011 1339 2259 1403 magna
2309 1337 2478 1380 voce

350 1443 554 1506 quam
624 1420 811 1486 brevi
885 1423 1197 1508 adepturi
1268 1424 1399 1486 sint
1474 1423 1760 1487 salutem
1833 1423 2144 1487 laudibus
2213 1424 2483 1508 praedi-

351 1549 529 1591 care.
604 1528 937 1605 Quamvis
985 1529 1350 1616 Trygaeus
1400 1542 1685 1594 conetur
1733 1532 2013 1595 chorum
2061 1532 2349 1594 retinere
2398 1552 2482 1594 ne

348 1634 701 1698 Polemum
772 1637 1066 1701 clamore
1141 1638 1429 1714 excitet,
1505 1650 1731 1702 tamen
1802 1639 2056 1725 gaudio
2129 1650 2343 1702 totum
2410 1660 2482 1702 se

351 1743 542 1807 dedit
604 1743 908 1829 periculo
975 1766 1250 1829 prorsus
1317 1745 1656 1830 neglectO.
1753 1744 1963 1808 Cuius
2019 1746 2232 1830 partis
2279 1746 2483 1808 finem

350 1851 553 1914 efficit
601 1873 887 1935 parvum
935 1851 1243 1939 Trygaei
1294 1853 1635 1915 canticum
1687 1854 1820 1935 (vv.
1874 1854 2279 1936 337—345)‚
2343 1874 2481 1939 quo

350 1960 591 2022 iterum
653 1969 858 2043 atque
924 1959 1167 2022 iterum
1230 1960 1509 2023 chorum
1570 1960 1893 2023 admonet
1960 1971 2033 2022 ut
2088 1960 2483 2044 priusquam

350 2065 550 2128 deam
619 2065 1101 2150 prehenderint
1178 2066 1514 2130 silentium
1584 2078 1833 2130 teneat.
1955 2066 2297 2144 Quoniam
2369 2068 2483 2151 qui

350 2173 711 2236 manifesto
761 2185 833 2236 ut
889 2195 1093 2258 supra
1142 2174 1429 2238 vidimus
1491 2174 1660 2237 duas
1709 2176 1775 2236 in
1824 2186 2056 2259 partes
2106 2174 2484 2237 caeduntur

350 2298 585 2342 versus
651 2283 1000 2344 301--308
1081 2279 1167 2342 ab
1241 2280 1482 2343 eadem
1550 2302 1844 2365 persona
1923 2281 2058 2344 dici
2127 2281 2482 2344 verisimile

348 2406 486 2448 non
533 2395 670 2462 est,
736 2386 996 2469 priores
1046 2398 1368 2471 quattuor
1415 2409 1649 2450 versus
1717 2387 1875 2451 duci
1943 2389 2208 2452 dexteri
2273 2389 2485 2452 hemi-

352 2492 559 2568 chori,
609 2503 929 2576 quattuor
962 2494 1074 2577 qui
1109 2506 1485 2578 sequuntur
1519 2515 1753 2557 versus
1805 2494 1961 2558 duci
1996 2496 2240 2558 sinistri
2273 2496 2485 2559 hemi-

352 2599 539 2663 chori
586 2599 974 2663 adscribere
1038 2601 1327 2664 alienum
1392 2624 1529 2665 non
1578 2603 1789 2685 erit1).
1887 2603 2244 2689 Colloquio
2296 2604 2481 2689 quod

349 2707 522 2770 inter
568 2728 715 2770 sese
765 2706 1020 2771 habent
1071 2708 1434 2795 Trygaeus
1503 2721 1569 2773 et
1629 2711 1874 2774 chorus
1942 2713 2074 2794 (VV.
2128 2715 2254 2776 309
2304 2712 2480 2796 sqq.)

350 2815 574 2879 verbis
623 2817 830 2879 utitur
876 2818 1056 2881 solus
1106 2819 1554 2906 coryphaeus

483 2941 791 3028 Trygaei
838 2941 1049 3006 verba
1098 2955 1463 3028 postquam
1527 2944 1801 3028 excepit
1868 2944 2053 3008 chori
2120 2928 2481 3020 canticum,

350 3068 487 3130 quo
566 3049 853 3132 primum
933 3050 1229 3114 omnium
1306 3049 1672 3126 malorum,
1779 3072 1952 3135 quae
2046 3049 2483 3135 patiebantur

350 3165 565 3217 totum
598 3178 723 3240 per
755 3155 1028 3234 bellum,
1077 3159 1496 3235 recordatur,
1547 3158 1637 3222 ad
1673 3172 2050 3222 extremum
2083 3159 2483 3245 Trygaeum

348 3261 610 3345 patriae
673 3275 1088 3327 servatorem
1153 3264 1473 3329 celebrat.
1568 3264 1814 3330 Statim
1879 3288 2077 3329 versu
2128 3270 2250 3331 361
2306 3266 2482 3351 Try-

349 3388 563 3452 gaeus
630 3367 907 3430 chorum
974 3370 1296 3435 admonet
1357 3385 1432 3436 ut
1480 3373 1743 3458 lapides
1790 3373 2278 3455 amoliantur2).
2372 3373 2482 3435 Ex

351 3474 713 3558 improviso
777 3488 1124 3539 revertens
1171 3477 1554 3542 Mercurius
1602 3481 1932 3568 Trygaeo
1997 3482 2287 3543 minatur
2334 3502 2481 3543 sese

351 3592 567 3643 totum
616 3581 960 3666 inceptum
1009 3582 1150 3646 Iovi
1198 3586 1629 3669 proditurum
1663 3609 1831 3650 esse.
1904 3588 2271 3675 Trygaeus
2318 3609 2481 3651 vero

351 3708 504 3751 cum
553 3689 734 3752 illum
780 3688 1098 3774 precibus
1164 3693 1299 3756 suis
1366 3694 1573 3777 ipsius
1642 3707 1713 3756 ut
1778 3706 2001 3758 taceat
2052 3716 2480 3759 commovere

495 3902 534 3968 1)
576 3906 645 3954 cf.
686 3907 948 3970 Equitum
992 3908 1305 3971 Vesparum
1347 3907 1608 3971 parodOS.

494 3991 534 4057 2)
576 3995 841 4044 Zielinski
894 4013 946 4060 p.
992 3999 1090 4047 138
1147 3998 1257 4046 hoc
1299 3999 1580 4046 canticum
1621 4014 1748 4053 cum
1813 4001 1879 4047 iis
1940 4015 2081 4064 quae
2138 4000 2483 4063 praecedunt

352 4083 656 4132 cohaerere
710 4085 1017 4135 contendit.
1092 4087 1170 4135 At
1212 4087 1461 4152 Trygaei
1516 4088 1689 4136 verba
1731 4088 1802 4151 (v.
1845 4090 1968 4153 361)
2028 4104 2150 4138 sese
2199 4090 2481 4153 applicant

352 4174 563 4235 optime
593 4175 892 4234 postremis
922 4174 1080 4223 chori
1119 4176 1328 4237 verbis;
1369 4192 1535 4240 quam
1564 4178 1637 4225 ob
1666 4193 1784 4226 rem
1813 4178 1982 4227 credo
2013 4179 2170 4227 chori
2199 4181 2480 4227 canticum

353 4265 579 4311 minime
620 4262 689 4310 ab
731 4264 810 4311 eis
851 4278 992 4328 quae
1033 4270 1341 4329 sequuntur
1384 4267 1565 4315 dirimi
1605 4283 1791 4331 posse.
