3225 5192
1694 572 2143 636 -43-

861 787 1027 851 prae
1078 788 1149 829 se
1199 766 1427 830 ferunt
1476 767 1747 830 omnino
1796 767 2085 831 eandem
2133 779 2443 830 naturam
2490 768 2530 832 i.
2566 790 2623 832 e.
2674 768 3013 834 adhorta-

859 872 1159 937 tionem?
1269 872 1536 937 Deinde
1613 874 1897 938 alteram
1978 875 2165 938 chori
2234 886 2501 959 partem
2572 876 3010 953 recitatione,

861 981 1146 1043 alteram
1211 979 1620 1044 carminibus
1666 981 1968 1045 recitatis
2023 1002 2214 1044 usam
2282 1003 2429 1045 esse
2497 983 2654 1045 mihi
2717 982 3013 1069 quidem

860 1087 1129 1150 minime
1179 1108 1327 1151 esse
1378 1098 1906 1152 consentaneum
1955 1087 2221 1151 videtur
2239 1090 2305 1171 1).

996 1211 1159 1275 Inde
1208 1233 1248 1274 a
1296 1233 1495 1276 versu
1545 1216 1666 1276 241
1742 1212 1976 1297 incipit
2037 1210 2270 1276 libatio
2317 1233 2493 1298 quae
2544 1235 2629 1276 ex
2677 1215 3009 1277 universa

861 1341 982 1382 sua
1046 1318 1272 1382 indole
1335 1318 1701 1382 abhorrere
1765 1317 2015 1382 debeat
2078 1341 2118 1382 a
2181 1332 2367 1382 certa
2443 1320 2738 1404 quadam
2816 1341 3011 1385 com-

860 1427 1215 1512 positione.
1312 1425 1535 1490 Versu
1583 1427 1758 1489 enim
1796 1430 1918 1492 237
1975 1426 2409 1511 Dicaeopolis
2458 1448 2495 1490 e
2544 1426 2747 1491 domo
2802 1449 3009 1514 egre-

861 1534 1042 1598 ditur
1108 1556 1238 1598 una
1306 1554 1459 1597 cum
1529 1535 1821 1619 coniuge
1878 1533 2147 1619 filiaque
2198 1545 2266 1596 et
2314 1555 2545 1611 servm
2617 1547 2692 1599 ut
2736 1556 3006 1620 pompa

860 1641 1164 1704 sollemni
1232 1662 1314 1705 ac
1362 1641 1706 1705 sacrificiis
1753 1639 2084 1726 Dionysia
2134 1640 2455 1705 celebret.
2553 1640 3005 1727 Quamquam

860 1746 1338 1812 Acharnenses
1387 1749 1732 1834 extemplo
1780 1748 1962 1811 illum
2011 1769 2047 1811 e
2098 1747 2301 1811 domo
2336 1749 2807 1834 egredientem
2841 1770 3005 1834 pro·-

860 1857 1130 1920 ditionis
1177 1869 1524 1921 auctorem
1575 1867 2141 1942 recognoverunt,
2214 1868 2438 1919 tamen
2487 1857 2777 1941 primum
2828 1880 3004 1943 pau-

858 1964 1065 2049 lisper
1127 1965 1411 2029 actionis
1477 1966 1837 2029 sanctitate
1905 1966 2276 2029 retinentur
2344 1966 2701 2051 quominus
2762 1968 3001 2031 statim

859 2072 925 2134 in
972 2073 1311 2136 hominem
1359 2073 1541 2136 illum
1588 2072 1970 2157 improbum
2022 2074 2444 2138 invehantur.
2527 2073 2669 2138 Sed
2716 2073 2836 2138 ubi
2890 2075 2997 2138 ille

858 2181 1188 2244 sacrificia
1259 2180 1594 2257 confecit,
1667 2181 1891 2244 denuo
1961 2179 2505 2244 Acharnensium
2576 2183 2825 2245 chorus
2901 2183 2996 2244 ira

858 2287 1309 2352 infiammatus
1356 2289 1799 2352 miserrimum
1847 2289 1989 2352 adit
2038 2287 2509 2374 lapidibusque
2556 2290 2752 2374 petit.

992 2412 1251 2476 Versus
1301 2417 1650 2479 280—283
1708 2423 1992 2498 propter
2039 2412 2400 2477 verborum
2448 2435 2720 2477 sensum
2768 2436 2910 2477 non
2955 2435 2995 2476 a

859 2532 1004 2585 toto
1055 2522 1261 2585 choro
1326 2521 1584 2585 cantari
1643 2543 1844 2606 posse
1916 2543 2150 2585 omnes
2211 2522 2358 2584 fere
2408 2521 2823 2585 recentiores
2871 2521 2994 2584 viri

860 2628 1044 2692 docti
1093 2630 1519 2693 consentiunt
1536 2631 1605 2712 2).
1687 2629 2129 2693 Manifestum
2180 2630 2358 2693 enim
2407 2641 2507 2693 est
2556 2651 2828 2693 versum
2865 2633 2992 2695 280

860 2758 995 2800 non
1045 2738 1165 2800 toti
1214 2738 1452 2814 chor0,
1515 2737 1639 2800 sed
1685 2737 1797 2800 uni
1846 2737 1968 2801 soli
2018 2738 2409 2823 coryphaeo
2459 2735 2990 2801 adscribendum

862 2866 1029 2908 esse.
1125 2844 1335 2909 Cuius
1401 2866 1635 2908 versus
1705 2844 1931 2909 verbis
2003 2844 2332 2930 simulque
2398 2844 2692 2908 fortasse
2751 2864 2990 2908 manus

859 2965 1060 3039 gestu
1082 2964 1446 3039 postquam
1473 2954 1661 3017 chori
1687 2953 1945 3017 animos
1971 2952 2061 3016 ad
2085 2951 2650 3037 Dicaeopolidem
2675 2952 2990 3026 attendit,

861 3061 1211 3123 effrenatis
1259 3059 1541 3124 vocibus
1591 3062 1836 3124 chorus
1886 3060 2185 3124 clamitat
2229 3058 2430 3145 βάλλε
2473 3058 2675 3143 βάλλε
2722 3085 2783 3136 z.
2833 3086 2889 3125 τ.
2935 3060 2988 3123 λ.

864 3168 1120 3232 Versus
1157 3174 1283 3234 282
1318 3171 1621 3233 continet
1654 3191 1879 3232 rursus
1912 3169 2477 3245 adhortationem,
2528 3168 2716 3232 cuius
2749 3180 2989 3232 natura

862 3276 974 3339 uni
1021 3298 1352 3361 personae
1418 3289 1579 3362 apta
1630 3289 1766 3352 est3
1832 3298 2064 3340 versus
2114 3280 2241 3341 283
2291 3286 2526 3361 aperte
2592 3276 2813 3339 versui
2862 3278 2984 3340 281

859 3385 1230 3469 respondet
1275 3385 1315 3448 i.
1351 3406 1407 3448 e.
1458 3406 1497 3447 a
1546 3386 1754 3448 choro
1802 3384 2358 3468 pronuntiaturss).
2424 3382 2658 3468 Itaque
2694 3405 2801 3445 vv.
2837 3386 2988 3458 280,

1006 3633 1042 3699 ¹)
1094 3635 1376 3700 Rrrwht‘tt,
1436 3633 1655 3685 Comm.
1695 3649 1741 3682 z,
1781 3632 1984 3682 Poetik
2024 3632 2122 3681 des
2162 3632 2503 3682 Aristoteles
2541 3648 2594 3696 p.
2639 3635 2764 3683 153:
2815 3638 2987 3698 ‘totus

861 3726 1066 3774 chorus
1106 3726 1224 3790 (aut
1262 3725 1448 3788 plures
1477 3723 1806 3788 choreutae)
1848 3737 2147 3786 nunquam,
2188 3725 2404 3786 opinor,
2445 3724 2550 3771 nisi
2590 3728 2757 3773 cantu
2795 3723 2987 3787 loque·

861 3815 1062 3864 batur’.

1004 3904 1044 3969 2)
1084 3906 1325 3955 Arnoldt
1362 3921 1415 3969 p.
1456 3908 1553 3967 33,
1615 3907 1672 3957 C.
1714 3905 2048 3955 Wacksmutb
2086 3921 2137 3970 p.
2180 3906 2419 3969 371sq.‚
2491 3904 2695 3965 Christ,
2748 3903 2896 3951 Abh.
2937 3899 2987 3949 d.

859 3997 935 4044 M.
975 3995 1084 4047 Ak.
1126 3995 1177 4046 d.
1218 3997 1383 4045 Wiss.
1441 3997 1573 4045 XIV
1630 4013 1683 4060 p.
1725 3998 1845 4046 214.

1004 4085 1045 4152 3)
1092 4088 1153 4138 C.
1188 4089 1522 4137 {Vachsmutlc
1573 4103 1627 4150 p.
1668 4090 1765 4137 371
1798 4103 1879 4151 sq.
1936 4089 2093 4137 iubet
2150 4104 2240 4136 vv.
2280 4089 2400 4148 280,
2441 4087 2543 4136 282
2585 4086 2982 4152 coryphaeum,

860 4195 950 4229 vV.
990 4180 1110 4241 281,
1151 4180 1252 4228 283
1292 4184 1475 4228 totum
1516 4180 1753 4230 chorum
1792 4179 1960 4244 loqui.
2038 4177 2203 4247 Muff'
2230 4194 2284 4243 p.
2326 4178 2389 4228 15
2430 4194 2519 4227 vv.
2561 4178 2842 4228 280—283
2881 4174 2984 4225 toti

863 4272 1038 4320 choro
1078 4269 1364 4321 adscribit.

3133 4262 3136 4313 A
