3225 5192
1165 583 1568 646 ..45-

302 777 609 843 iambicis
628 780 696 861 1).
789 777 1164 841 Manifesto
1213 776 1416 863 igitur
1466 776 1879 862 intellegitur
1910 777 2206 840 omnium
2236 798 2440 862 paro-

313 886 554 951 dorum
601 886 791 949 initia
839 907 925 949 ex
973 884 1383 948 tetrametris
1431 905 1578 947 esse
1630 884 2025 968 composita.

438 994 695 1058 Earum
746 993 967 1057 exitus
1017 1005 1246 1056 autem
1295 992 1436 1055 sine
1487 990 1694 1055 dubio
1742 991 2100 1076 ponendus
2149 1003 2272 1069 est,
2322 991 2438 1055 ubi

306 1102 576 1188 prologi
641 1101 751 1165 vel
820 1100 1105 1185 episodii
1165 1111 1454 1162 metrum
1521 1099 1559 1161 i.
1610 1120 1670 1161 e.
1737 1098 2041 1161 trimeter
2108 1097 2437 1162 iambicus

305 1212 530 1275 denuo
577 1209 942 1294 reperitur:
1011 1207 1079 1271 id
1128 1206 1314 1291 quod
1360 1205 1656 1270 dilucide
1703 1217 1992 1290 apparet
2039 1227 2125 1268 ex
2173 1204 2439 1269 Achar-

303 1318 610 1381 nensium
658 1339 720 1379 v.
772 1320 924 1392 347,
971 1313 1273 1378 Nubium
1325 1337 1385 1377 v.
1436 1318 1587 1390 478,
1636 1311 1836 1376 Pacis
1886 1336 1948 1375 v.
1986 1317 2137 1389 520,
2184 1311 2436 1376 Avium

306 1447 369 1487 v.
420 1428 574 1500 435,
622 1422 1048 1512 Lysistratae
1097 1444 1160 1485 v.
1197 1426 1347 1498 387,
1396 1419 1750 1484 Ranarum
1797 1443 1859 1483 v.
1897 1424 2047 1496 460,
2095 1418 2440 1483 Ecclesia-

307 1553 619 1596 zusarum
669 1531 909 1615 prioris
956 1529 1200 1615 parodi
1246 1551 1309 1593 v.
1361 1532 1511 1605 311,
1561 1527 1835 1592 alterius
1883 1527 2124 1613 parodi
2171 1550 2233 1591 v.
2286 1532 2436 1605 520,

302 1638 484 1702 Pluti
517 1659 578 1701 v.
615 1643 763 1703 322.
832 1637 907 1699 In
938 1635 1301 1722 Equitibus
1333 1636 1668 1721 parodum
1701 1633 2134 1720 subsequitur
2165 1656 2346 1720 agon
2369 1637 2436 1717 2),

305 1768 440 1833 qua
487 1767 657 1810 voce
707 1745 1119 1810 sollemniter
1188 1744 1284 1806 uti
1332 1755 1476 1806 tota
1545 1743 1611 1805 in
1674 1744 1804 1805 hac
1868 1744 2437 1806 commentatione

309 1855 470 1917 mihi
517 1853 719 1916 liceat
736 1854 806 1935 3)‚
857 1853 924 1914 in
959 1851 1209 1936 Vespis
1255 1850 1592 1935 parodum
1642 1850 1896 1933 excipit
1943 1872 2006 1913 v.
2036 1854 2162 1914 316
2211 1848 2439 1914 Philo-

308 1962 559 2026 cleonis
622 1961 996 2036 canticum,
1079 1959 1264 2044 quod
1325 1979 1476 2021 mea
1544 1957 1819 2042 quidem
1885 1958 2220 2021 sententia
2283 1979 2437 2021 cum

303 2069 567 2155 parodo
616 2068 885 2131 minime
954 2067 1389 2131 coniunctum
1437 2076 1575 2141 est,
1644 2065 1845 2128 immo
1894 2065 2169 2150 agonis,
2236 2085 2434 2149 quem

304 2189 475 2263 puto
524 2175 681 2239 inde
729 2196 769 2238 a
817 2196 1017 2238 versu
1053 2178 1180 2239 353
1230 2174 1553 2258 incipere,
1604 2172 1796 2257 quasi
1842 2172 2262 2258 prooemium
2311 2183 2433 2235 est.

1296 2388 1440 2469 §a

440 2513 751 2578 Alteram
830 2512 1160 2575 rationem
1236 2509 1650 2595 parodorum
1727 2510 1895 2574 fines
1974 2510 2436 2596 cognoscendi

303 2620 591 2707 praebet
658 2620 1001 2705 quaesti0‚
1075 2630 1297 2682 utrum
1359 2618 1633 2681 ineunte
1698 2631 1766 2682 et
1814 2630 2106 2682 exeunte
2171 2618 2435 2703 parodo

450 2837 488 2904 ¹)
532 2838 645 2889 Cur
684 2840 740 2886 in
766 2838 986 2886 Avibus
1026 2839 1136 2885 iam
1174 2852 1207 2886 a
1237 2852 1401 2886 versu
1428 2839 1531 2888 299
1570 2843 1740 2901 atque
1779 2840 1836 2886 in
1861 2839 2035 2887 Ranis
2073 2840 2184 2887 iam
2210 2853 2243 2887 a
2270 2852 2437 2887 versu

309 2929 411 2978 324
451 2933 692 2976 metrum
733 2932 1130 2989 commutetur,
1168 2932 1368 2991 postea
1409 2928 1829 2991 explicabimus,

449 3015 487 3080 2)
530 3016 602 3067 cf.
644 3016 908 3065 Zielinski
940 3032 992 3079 p.
1035 3017 1064 3066 9
1093 3031 1211 3079 Sqq.
1254 3017 1325 3080 (p.
1372 3001 1472 3066 110'
1499 3017 1658 3080 sqq.).

449 3103 488 3170 3)
530 3107 689 3155 Voce
730 3097 884 3172 ἁγών
923 3105 1180 3171 designat
1220 3106 1486 3155 Zielinski
1529 3107 1860 3156 comoediae
1899 3112 2118 3170 partem
2158 3107 2436 3171 quandam

305 3211 447 3260 quae
495 3197 829 3259 interposita
883 3200 968 3245 est
1019 3196 1279 3244 omnibus
1329 3195 1450 3245 fere
1499 3198 1555 3244 in
1605 3195 1812 3245 fabulis
1863 3199 2008 3246 inter
2065 3197 2339 3261 parodum
2380 3203 2436 3247 et

304 3283 618 3348 parabasin.
683 3284 777 3346 (cf.
818 3284 1032 3333 Zac-her
1069 3286 1154 3333 in:
1195 3286 1603 3335 Wochenschr.
1642 3286 1733 3335 fiir
1771 3287 1939 3336 klass,
1960 3287 2101 3335 Phil.
2146 3288 2299 3337 1886.
2339 3287 2434 3338 ΠΙ.

304 3375 415 3422 No,
446 3372 696 3436 49—51.)
771 3372 888 3420 Iam
929 3374 994 3420 R.
1032 3373 1309 3435 Westphal
1344 3375 1575 3437 (Metrik
1601 3376 1672 3438 Π,
1695 3377 1793 3426 401
1837 3376 2099 3441 Prolegg.
2128 3375 2198 3424 ad
2225 3376 2435 3424 Aesch.

303 3478 357 3526 p.
381 3462 469 3525 97)
497 3462 641 3510 hanc
671 3465 888 3524 partem
912 3461 1243 3510 comoediae
1271 3466 1558 3528 propriam
1586 3465 1957 3526 intellexerat,
1997 3480 2165 3528 quam
2192 3465 2436 3529 appellat

303 3543 612 3622 σύνταγμα.
712 3552 764 3599 T
762 3552 814 3601 le.
865 3552 1058 3616 Bergk
1121 3552 1355 3601 eandem
1418 3554 1651 3604 adhibet
1714 3569 1915 3603 vocem
1978 3556 2305 3604 sollemnem
2368 3570 2434 3603 ac

305 3641 569 3690 Zielinski
602 3643 656 3688 in
696 3641 981 3704 opusculis
1019 3640 1150 3704 phil.
1191 3642 1500 3690 minoribus
1540 3642 1652 3706 (ed.
1690 3645 1756 3691 R.
1796 3644 2165 3708 Peppmic'ller)
2204 3644 2273 3705 II,
2316 3646 2434 3694 731.

303 3730 524 3779 Deinde
565 3728 824 3778 conferas
863 3730 1198 3791 Nesemann‚
1255 3730 1344 3779 De
1386 3731 1652 3794 episodiis
1690 3732 2089 3796 Aristophanis
2128 3749 2180 3797 p.
2222 3734 2288 3783 43
2342 3736 2436 3797 qui

306 3834 371 3868 ea
425 3820 732 3868 certamina
790 3819 1157 3880 „comoediae
1216 3819 1620 3868 nobilissimam
1677 3823 1949 3884 partem“,
2002 3838 2055 3886 p.
2097 3824 2157 3871 51
2223 3825 2435 3884 „totius

304 3909 635 3958 comoediae
692 3911 866 3972 partis
929 3911 1185 3957 scenicae
1239 3909 1599 3957 umbilicum“
1658 3911 1940 3972 nominat,
1998 3913 2325 3977 Braeuning
2380 3914 2436 3960 in

303 4003 549 4048 tractatu
592 3998 658 4046 de
699 3998 1095 4062 Aristophanis
1134 3999 1282 4048 Pace
1339 4000 1782 4065 (Jahresbericht
1823 4000 1874 4051 d.
1914 4001 2435 4067 Stadtgymnasium

305 4087 464 4136 Halle
510 4087 693 4150 1874):
747 4088 900 4148 „Das
941 4088 1249 4153 Syntagma
1301 4088 1520 4137 scheint
1565 4088 1679 4138 fast
1728 4092 1836 4138 wie
1887 4089 1974 4138 die
2014 4091 2295 4140 Parabase
2346 4093 2435 4140 ein

303 4176 699 4225 wesentlicher
740 4176 864 4224 Teil
905 4177 1001 4226 der
1040 4178 1191 4226 alten
1230 4178 1512 4227 Komodie
1565 4191 1832 4244 gewesen
1870 4195 1937 4227 zu
1977 4182 2123 4243 sein,
2185 4181 2292 4229 den
2331 4184 2434 4230 wir

305 4265 518 4314 fiberall
557 4280 626 4313 an
667 4266 820 4313 einer
859 4265 1220 4315 bestimmten
1261 4267 1433 4317 Stelle
1472 4267 1898 4316 wiederkehren
1938 4269 2165 4318 sehen.“
