3225 5192
811 711 935 788 illi,
999 731 1152 774 curn
1198 711 1497 796 parodus
1545 711 1732 774 finita
1780 712 1896 787 sit,
1962 733 2098 796 qua
2146 724 2518 796 mystarum
2567 711 2944 776 celebratio

812 817 1063 903 agitur,
1113 818 1239 881 iter
1287 818 1615 902 reliquum
1666 817 2030 881 conficiunt
2054 820 2120 899 1).

944 942 1051 1006 De
1100 942 1344 1006 ceteris
1394 924 1643 1006 fabulis
1711 943 1779 1005 id
1826 964 2032 1005 unum
2082 955 2268 1005 certe
2330 943 2649 1007 contendi
2712 955 2946 1028 potest

812 1050 1156 1113 actionem
1204 1071 1380 1135 quae
1428 1050 1671 1134 parodi
1720 1050 1905 1113 initio
1954 1048 2430 1113 instituebatur
2484 1064 2773 1115 exeunte
2819 1073 2947 1136 pa-

812 1156 981 1220 rodo
1030 1156 1284 1219 finitam
1336 1178 1483 1219 esse
1532 1169 1739 1241 atque
1790 1157 1853 1218 in
1904 1156 1999 1218 eis
2048 1177 2225 1241 quae
2274 1168 2647 1240 sequuntur
2694 1179 2944 1222 novam

811 1264 1149 1326 actionem
1184 1264 1502 1327 incohari.
1563 1262 2087 1327 Proficiscamur
2134 1262 2221 1327 ab
2253 1262 2940 1329 Acharnensibus.

808 1370 1246 1456 Dicaeopolis
1293 1381 1659 1455 postquam
1707 1371 1977 1456 ingenio
2031 1383 2097 1433 et
2148 1372 2425 1434 consilio
2461 1370 2942 1436 Acharnenses

814 1478 1101 1542 adduxit
1164 1490 1236 1541 ut
1284 1479 1544 1562 lapides
1611 1477 1996 1554 abicerent,
2056 1478 2286 1564 gladio
2334 1480 2624 1565 vaginae
2672 1480 2941 1544 reddito

809 1587 932 1648 hos
980 1607 1229 1671 magno
1279 1586 1516 1648 timore
1549 1585 1812 1655 liberat.
1880 1584 2263 1649 Cordacem
2295 1585 2552 1649 ducens
2600 1608 2748 1650 sese
2782 1608 2945 1651 con—

807 1695 945 1757 fert
1010 1695 1253 1757 chorus
1320 1694 1409 1758 ad
1473 1695 1841 1780 thymelam
1858 1696 1928 1776 2).
2025 1692 2125 1757 Ita
2172 1716 2377 1779 quam
2441 1694 2684 1779 parodi
2752 1696 2939 1758 initio

810 1802 1136 1886 implicari
1189 1803 1476 1866 vidimus
1525 1803 1704 1865 actio
1753 1802 1841 1865 ad
1894 1814 2151 1865 certum
2199 1802 2401 1865 finem
2446 1802 2783 1886 perducta
2816 1815 2937 1867 est.

942 1925 1206 1990 Pacis
1252 1927 1516 2011 parodo
1582 1938 1876 1989 exeunte
1927 1929 2014 2009 (v.
2067 1929 2220 2009 519)
2286 1926 2470 2011 quod
2519 1928 2775 1990 tamdiu
2823 1950 2943 1991 ex-

809 2032 1171 2118 spectabat
1218 2033 1582 2119 Trygaeus
1652 2034 1929 2097 tandem
1991 2031 2163 2096 bene
2228 2035 2470 2097 evenit.
2564 2033 2716 2096 Pax
2763 2035 2941 2097 enim

811 2141 942 2205 dea
992 2163 1077 2204 ex
1125 2155 1320 2204 antro
1369 2141 1569 2204 unitis
1618 2140 1869 2204 viribus
1933 2140 2198 2204 sublata
2248 2153 2371 2204 est.
2465 2141 2702 2226 Itaque
2752 2142 2942 2206 audi-

811 2270 958 2311 mus
1006 2248 1406 2334 Trygaeum
1468 2249 1626 2311 inde
1677 2271 1718 2311 a
1764 2271 1826 2311 v·
1879 2254 2007 2313 520
2070 2270 2329 2311 summo
2378 2249 2631 2335 gaudio
2681 2249 2942 2312 inflam-

810 2367 1067 2419 matum
1115 2356 1315 2419 deam
1382 2356 1597 2441 ipsam
1646 2357 1923 2442 eiusque
1971 2357 2253 2420 comites
2313 2357 2573 2442 magnis
2620 2356 2937 2420 laudibus

812 2462 1353 2547 celebrantem3).
1447 2463 1522 2526 In
1570 2462 1632 2526 L
1653 2464 2175 2549 ysistratae
2239 2463 2502 2548 parodo
2569 2485 2805 2526 senum
2852 2485 2933 2528 ac

811 2572 1161 2635 mulierum
1211 2573 1414 2636 animi
1463 2573 1679 2658 magis
1729 2572 2078 2658 magisque
2124 2572 2472 2635 iracundia
2505 2572 2613 2634 vel
2647 2555 2939 2634 maxima

812 2692 1244 2756 exarserunt,
1318 2701 1472 2744 cum
1538 2678 1763 2743 subito
1827 2700 1995 2742 unus
2054 2701 2138 2742 ex
2186 2680 2627 2755 decemviris,
2698 2677 2941 2764 quibus

811 2787 1163 2850 mulierum
1210 2787 1450 2850 seditio
1500 2787 1805 2850 nuntiata
1849 2798 2015 2863 erat,
2063 2787 2254 2872 quasi
2304 2786 2471 2849 deus
2506 2807 2591 2849 ex
2624 2787 2937 2850 machina

812 2914 967 2958 cum
1014 2894 1289 2981 Scythis
1337 2909 1663 2980 apparet,
1734 2908 1807 2959 ut
1857 2894 2000 2958 illas
2047 2907 2331 2979 propter
2378 2894 2736 2958 tumultum
2783 2915 2938 2978 pre-

812 3002 1155 3085 hendat4).
1278 3002 1352 3065 In
1428 3002 2280 3067 Ecclesiazusarum
2365 3002 2589 3086 priore
2674 3000 2935 3086 parodo

813 3131 1018 3196 quam
1066 3111 1562 3175 evidentissime
1613 3111 1897 3174 efficitur
1945 3132 2029 3173 ex
2066 3108 2424 3173 verborum
2473 3110 2724 3173 tenoris
2759 3130 2939 3173 com-

2759 3290 2796 3321 ⁸·

960 3361 999 3428 ¹)
1038 3364 1363 3426 Nesemann‚
1401 3362 1490 3412 De
1531 3362 1797 3426 episodiis
1837 3362 2284 3426 AristophaneiS.
2360 3362 2543 3413 Berol.
2587 3362 2723 3411 1862
2763 3376 2818 3424 p.
2862 3363 2942 3411 11.

819 3453 889 3502 cf.
928 3453 1119 3519 Agthe
1155 3468 1208 3516 p.
1252 3454 1368 3514 158,
1410 3453 1677 3501 Zielinski
1708 3468 1761 3516 p.
1805 3454 1904 3501 145
1935 3468 2053 3516 sqq.

959 3560 999 3627 ²)
1042 3562 1214 3623 Muhl,
1255 3561 1557 3626 Symbolae
1598 3560 1668 3608 ad
1708 3575 1826 3609 rem
1865 3562 2182 3609 scaenicam
2220 3561 2670 3609 Acharnensium
2709 3560 2942 3608 Avium-

817 3666 924 3716 que
981 3652 1377 3715 Aristophanis
1431 3650 1748 3700 fabularum
1817 3667 1871 3714 p.
1920 3652 2003 3701 25.
2087 3651 2158 3698 A.
2200 3652 2409 3700 Miiller
2466 3651 2550 3702 ed.
2610 3650 2683 3698 ad
2740 3667 2791 3699 ν.
2844 3651 2945 3700 336

816 3756 869 3804 p.
891 3743 986 3792 46:
1027 3742 1104 3805 ‘In
1128 3742 1582 3789 Acharnensibus
1621 3743 1792 3805 igitur
1815 3756 1982 3803 quum
2012 3741 2117 3789 sibi
2149 3739 2528 3803 respondeant
2553 3755 2640 3788 vv‚
2664 3740 2942 3789 284—301

820 3837 876 3879 et
916 3847 1004 3880 vv‚
1035 3832 1332 3892 335-346,
1372 3846 1593 3879 versum
1635 3836 1823 3879 autem
1854 3832 1953 3880 346
1994 3830 2416 3894 Dicaeopolidis
2456 3829 2628 3878 verba
2669 3830 2949 3892 excipiant

819 3921 1077 3968 trimetro
1105 3920 1348 3968 iambico
1377 3923 1601 3984 scripta,
1642 3920 1713 3968 ad
1752 3921 1906 3968 illum
1945 3935 2120 3984 usque
2151 3935 2374 3969 versum
2401 3921 2647 3984 parodus
2673 3922 2950 3984 pertinet;

818 4008 875 4057 id
914 4008 1065 4072 quod
1102 4011 1221 4073 ipsa
1260 4016 1463 4073 poetae
1504 4011 1677 4058 verba
1714 4010 1922 4074 liquide
1964 4012 2279 4061 testantur’.

964 4104 1003 4174 ⁸)
1044 4108 1308 4158 Zielinski
1338 4124 1392 4173 p.
1435 4110 1533 4159 137
1563 4123 1683 4175 sqq.

960 4202 1003 4273 ⁴)
1046 4205 1308 4256 Zielinski
1339 4222 1391 4272 p.
1436 4208 1536 4258 140
1564 4223 1685 4275 sqq.
