3225 5192
1621 526 2067 588 —24-.

775 731 991 784 totam
1055 717 1389 804 parodum
1457 718 1875 805 praevalere.
1971 716 2184 795 Quod
2245 739 2407 783 sane
2454 717 2766 784 refellere
2811 719 2904 784 vi-

776 828 1023 891 dentur
1049 827 1181 891 loci
1208 826 1506 912 quidam,
1540 827 1626 890 de
1654 824 1898 912 quibus
1921 846 2101 890 nunc
2132 826 2369 911 paucis
2393 827 2759 891 dicendum
2782 839 2904 893 est.

773 933 1074 998 Primum
1107 935 1284 998 enim
1326 933 1688 999 offendunt
1735 954 1859 997 nos
1900 932 2625 998 Acharnensium
2674 956 2906 1000 versus

777 1045 1126 1107 241—279
1194 1061 1278 1105 ac
1342 1039 1610 1105 Pacis
1680 1061 1914 1106 versus
1980 1045 2367 1118 431-458,
2432 1041 2548 1128 qui
2613 1042 2905 1106 maxima

776 1170 860 1211 ex
893 1160 1089 1233 parte
1138 1159 1294 1212 sunt
1343 1148 1625 1211 trimetri
1675 1146 1962 1212 iambici.
2037 1147 2177 1212 Illic
2209 1169 2483 1234 pompa,
2534 1150 2643 1213 hic
2675 1148 2907 1215 libatio

775 1254 1077 1318 efficitur.
1201 1253 1341 1319 Sed
1419 1256 1739 1339 quoniam
1816 1267 2053 1340 aperte
2132 1270 2419 1341 utraque
2496 1257 2674 1320 actio
2754 1278 2906 1322 cum

772 1362 1015 1448 parodi
1064 1374 1299 1425 tenore
1348 1363 1497 1447 ipso
1546 1384 1684 1426 non
1734 1363 2095 1426 coniuncta
2145 1374 2266 1440 est,
2324 1364 2526 1427 immo
2575 1385 2738 1427 vero
2784 1385 2909 1449 per

774 1469 982 1534 breve
1030 1469 1306 1554 quidem
1353 1470 1679 1554 temporis
1726 1480 2141 1533 momentum
2180 1470 2518 1534 actionem
2550 1471 2906 1556 quominus

773 1577 1252 1663 progrediatur
1297 1577 1563 1654 retinet,
1615 1576 1747 1639 iam
1796 1598 1882 1639 ex
1930 1597 2002 1640 re
2052 1577 2199 1661 ipsa
2247 1577 2465 1642 conici
2511 1589 2741 1663 potest
2788 1598 2908 1642 cur

773 1668 980 1770 poeta
1027 1685 1128 1748 his
1176 1683 1340 1748 locis
1388 1684 1799 1747 tetrametris
1860 1705 2019 1747 usus
2080 1705 2217 1747 non
2273 1684 2377 1748 sit.
2472 1683 2624 1749 Nec
2673 1684 2909 1749 diffici-

773 1791 898 1855 lius
945 1792 1408 1855 Ranarum
1455 1791 1737 1855 trimetri
1784 1789 2053 1855 iambici
2104 1793 2237 1874 (vv.
2289 1795 2437 1856 414.
2482 1793 2638 1874 415)
2689 1813 2775 1855 ex
2824 1813 2905 1856 eo

776 1898 1202 1982 explicantur
1249 1898 1434 1983 quod
1481 1898 1549 1962 hi
1581 1919 1839 1973 versus,
1888 1919 2059 1983 quos
2091 1898 2437 1984 Dionysus
2470 1910 2539 1962 et
2568 1897 2904 1963 Xanthias

775 2025 1006 2069 secum
1083 2005 1206 2069 soli
1283 2005 1684 2089 loquuntur,
1766 2005 2037 2069 minime
2114 2016 2429 2090 spectant
2506 2006 2596 2070 ad
2664 2006 2905 2091 parodi

777 2123 1103 2176 tenorem.

907 2217 1129 2282 Aliter
1174 2219 1451 2304 quidem
1497 2240 1606 2283 res
1654 2240 1727 2283 se
1775 2217 1984 2283 habet
2030 2220 2098 2282 in
2143 2217 2422 2296 Pace,
2470 2218 2586 2284 ubi
2633 2231 2906 2305 praeter

773 2326 997 2391 locum
1047 2326 1230 2389 illum
1276 2327 1572 2391 maxima
1620 2326 1861 2412 parodi
1907 2347 2067 2411 pars
2115 2347 2200 2389 ex
2234 2327 2554 2390 trimetris
2602 2325 2903 2390 iambicis

776 2446 1079 2510 constat3
1145 2435 1322 2498 hanc
1388 2434 1854 2498 difficultatem
1922 2434 2120 2497 tertia
2177 2434 2372 2497 huius
2420 2433 2663 2518 capitis
2708 2454 2905 2518 para-

773 2543 1040 2629 grapho
1087 2541 1476 2606 removebo,

907 2650 1203 2714 Restant
1236 2650 1302 2713 in
1334 2648 1395 2712 E
1418 2669 1455 2712 c
1479 2649 1618 2712 cle
1641 2649 2042 2712 siazusis
2091 2669 2323 2712 versus
2359 2652 2487 2713 504
2512 2669 2660 2734 sqq.
2724 2646 2901 2710 Nam

776 2777 896 2821 cur
960 2758 1070 2821 hic
1135 2764 1343 2842 poeta
1408 2754 1879 2842 Praxagoram
1944 2758 2078 2839 (vv.
2130 2757 2515 2840 504-513)
2589 2755 2903 2819 trimetris

772 2863 1078 2928 iambicis
1124 2865 1221 2927 uti
1271 2862 1578 2941 voluerit,
1630 2862 1876 2928 deinde
1924 2862 2147 2928 subito
2198 2886 2239 2926 a
2288 2885 2487 2927 versu
2532 2867 2659 2928 514
2708 2884 2905 2950 cory-

774 2973 1068 3057 phaeum
1117 2985 1184 3035 et
1214 2970 1704 3057 Praxagoram‚
1756 2993 2169 3057 quamquam
2202 2971 2406 3035 totius
2436 2971 2631 3034 huius
2663 2970 2902 3056 parodi

772 3079 1052 3141 metrica
1087 3078 1487 3163 compositio
1521 3090 1624 3142 est
1658 3077 1968 3155 iambica,
2010 3078 2463 3163 anapaesticis
2496 3077 2901 3142 tetrametris

774 3186 1092 3272 equidem
1139 3207 1275 3250 non
1321 3186 1642 3272 intellego
1661 3187 1755 3268 1).

906 3292 1276 3358 Praeterea
1337 3315 1461 3357 nos
1524 3314 1662 3356 non
1724 3293 1972 3379 effugit
2033 3293 2330 3378 parodos
2379 3304 2719 3357 structura
2766 3314 2903 3355 me-

773 3402 941 3465 trica
988 3401 1386 3486 plerumque
1436 3391 1651 3464 dilabi
1714 3401 1782 3464 in
1831 3401 2163 3486 quasdam
2210 3412 2473 3486 parteS‚
2542 3421 2718 3486 quae
2769 3420 2899 3463 non

771 3530 925 3572 raro
982 3520 1375 3572 accuratam
1438 3508 1948 3593 responsionem
2010 3508 2394 3571 ostendunt.
2488 3506 2629 3572 Sed
2690 3507 2900 3593 prius-

773 3637 975 3701 quam
1025 3637 1110 3679 ex
1157 3617 1259 3679 his
1307 3615 1561 3701 aliquid
1626 3616 1791 3679 certi
1842 3615 2201 3679 enucleare
2251 3635 2608 3691 conemur,
2671 3615 2899 3678 facere

772 3744 907 3785 non
939 3743 1296 3806 possumus
1329 3724 1490 3808 quin
1524 3743 1701 3808 quae
1743 3723 1808 3785 in
1842 3719 2050 3786 dubio
2084 3733 2439 3785 versantur
2472 3722 2899 3806 quaestiones

772 3831 861 3894 ad
911 3831 1166 3893 exitum
1213 3830 1653 3894 adducamuS.

916 4016 955 4083 1)
998 4019 1066 4068 cf.
1107 4020 1373 4068 Zielinski
1415 4034 1467 4082 p.
1511 4019 1636 4069 157:
1691 4018 2031 4084 ‘Auffallend
2078 4034 2148 4068 an
2199 4018 2411 4068 diesem
2449 4018 2899 4082 Epirrhemation

772 4111 844 4157 ist
883 4110 1047 4169 auch,
1088 4108 1214 4157 dass
1243 4123 1302 4157 es
1329 4123 1429 4157 aus
1455 4109 1884 4172 anap‘astischen
1914 4109 2311 4158 Tetrametern
2348 4109 2594 4169 besteht‚
2634 4107 2900 4157 wahrend

774 4199 873 4248 das
915 4199 1327 4248 embaterische
1368 4200 1663 4248 Versmass
1703 4199 1801 4249 der
1839 4214 2059 4266 ganzen·
2092 4199 2346 4249 Parodos
2384 4198 2660 4248 iambisch
2698 4197 2805 4247 ist.’
