3225 5192
1150 572 1595 635 *49-

304 772 431 833 282
480 767 746 852 utrique
793 766 1336 830 hemichororum
1383 766 1561 842 duci,
1620 765 1852 829 versus
1902 770 2052 843 281,
2097 771 2224 832 283
2273 768 2436 830 utri-

302 897 434 961 que
482 875 873 938 hemichoro
920 873 1388 938 attribuendos
1440 895 1707 937 censeo,

436 1016 712 1102 Optime
781 1024 988 1101 poeta
1052 1016 1339 1100 primum
1411 1017 1497 1097 (v.
1550 1017 1704 1097 285)
1775 1028 2202 1099 pentametro
2274 1039 2435 1081 ana-

301 1125 630 1209 paestiCO,
679 1123 925 1186 deinde
973 1146 1015 1186 a
1056 1144 1255 1185 versu
1291 1127 1417 1187 289
1468 1134 1685 1185 metro
1731 1123 2064 1206 paeonico
2116 1124 2432 1206 (creticis)

304 1231 780 1295 choreutarum
852 1231 1110 1293 animos
1184 1230 1672 1293 inimicissimos
1743 1229 2184 1315 significavit,
2261 1253 2433 1316 quos

302 1336 741 1421 Dicaeopolis
789 1358 951 1400 sane
1001 1337 1255 1399 frustra
1302 1336 1588 1420 placidis
1632 1337 2041 1400 tetrametris
2075 1339 2433 1401 trochaicis

301 1444 578 1528 placare
628 1455 930 1507 conatur.
1004 1443 1144 1507 Sed
1179 1445 1487 1529 quamvis
1520 1442 2001 1507 Acharnenses
2050 1459 2197 1508 oret
2229 1459 2433 1531 atque

303 1549 638 1628 obsecret,
681 1563 753 1614 ut
786 1573 934 1614 sese
968 1572 1093 1635 per
1125 1573 1330 1614 unum
1365 1562 1630 1613 tantum
1664 1552 1986 1635 temporis
2019 1565 2433 1616 momentum

303 1658 707 1735 auscultent,
760 1671 988 1721 tamen
1037 1680 1121 1721 ne
1170 1680 1375 1721 unum
1425 1658 1701 1743 quidem
1749 1658 2114 1742 proditoris
2148 1659 2435 1723 verbum

303 1766 535 1828 audire
609 1765 862 1829 volunt.
958 1765 1184 1829 Versu
1231 1778 1459 1828 autem
1510 1770 1679 1843 301,
1747 1764 1863 1828 ubi
1929 1769 2115 1830 chori
2181 1768 2278 1831 ira
2345 1768 2435 1832 ad

302 1893 638 1935 summum
670 1872 1000 1949 ascendit,
1034 1872 1257 1936 subito
1293 1886 1358 1936 et
1392 1872 1756 1937 verborum
1781 1887 1978 1938 tenor
2004 1888 2072 1938 et
2097 1888 2434 1939 structura

302 1980 583 2043 metrica
632 1991 1137 2043 convertuntur.
1233 1978 1413 2043 Nam
1478 2001 1631 2043 cum
1695 1983 1939 2045 chorus
2006 1982 2209 2067 paulo
2276 1994 2433 2046 ante

301 2086 412 2149 vel
471 2085 938 2149 brevissimam
998 2087 1467 2151 defensionem
1526 2088 2035 2173 Dicaeopolidis
2100 2091 2433 2168 refutarit,

302 2215 481 2257 nunc
514 2216 711 2258 versu
741 2199 866 2259 302
893 2216 1040 2280 sqq.
1077 2196 1218 2258 eius
1251 2197 1365 2281 qui
1401 2217 1551 2259 cum
1585 2195 2154 2261 Lacedaemoniis
2186 2198 2432 2262 :foedus

302 2302 481 2364 icere
515 2323 715 2365 ausus
748 2303 832 2365 sit
867 2302 1146 2389 ‘longas’
1182 2305 1521 2366 orationes
1555 2304 1790 2367 audire
1824 2327 1957 2368 non
1992 2305 2152 2368 vult.
2226 2305 2431 2370 Unde

282 2410 595 2474 ⁴dilucide
656 2423 941 2495 apparet
1007 2412 1129 2474 hos
1192 2432 1425 2474 versus
1489 2413 1759 2475 minime
1825 2412 1912 2476 ab
1976 2414 2220 2477 eadem
2280 2436 2436 2499 per-
2540 2434 2544 2439 ·

302 2539 468 2580 sona
516 2518 554 2581 i.
584 2540 642 2581 e.
696 2520 903 2581 choro
951 2518 1089 2583 dici
1136 2540 1360 2604 posse.
1435 2517 1866 2582 Postremum
1915 2522 2091 2583 enirn
2125 2520 2433 2585 versibus

305 2629 433 2691 300
481 2637 549 2688 et
599 2630 720 2691 301
777 2628 1043 2704 choruS‚
1100 2640 1462 2713 postquam
1513 2641 1935 2713 quantopere
1985 2629 2164 2692 illum
2215 2630 2433 2693 oderit

301 2731 527 2796 verbis
574 2733 680 2795 vel
730 2733 1178 2798 acerbissimis
1227 2738 1580 2820 expressit,
1632 2757 1809 2799 nunc
1857 2737 2051 2821 quasi
2099 2737 2432 2822 fatigatus

303 2839 564 2903 desistit
628 2852 834 2926 atque
896 2844 1323 2928 coryphaeus
1373 2844 1560 2905 chori
1624 2855 1854 2927 partes
1920 2844 2195 2928 excipit.
2292 2844 2433 2921 Qui

303 2957 376 3009 ut
424 2946 667 3011 ducem
718 2949 919 3012 decet
966 2951 1107 3013 sine
1158 2950 1346 3013 chori
1393 2951 1624 3013 furore
1673 2950 1784 3013 illo
1833 2952 2241 3014 tetrametris
2289 2952 2435 3035 pla-

304 3053 469 3116 cidis
503 3067 569 3117 et
601 3054 826 3119 verbis
860 3057 1076 3120 minus
1110 3056 1452 3120 atrocibus
1477 3057 1952 3141 Dicaeopolidi
1978 3058 2433 3142 proditionem

304 3159 530 3225 obicit.
624 3161 764 3226 Sed
813 3184 965 3227 cum
1014 3165 1120 3228 ille
1170 3188 1368 3229 versu
1406 3169 1533 3231 309
1562 3187 1660 3250 sq.
1712 3176 1965 3229 temere
2018 3167 2431 3231 contendere

302 3288 505 3330 ausus
567 3268 652 3330 sit
712 3268 1299 3336 Lacedaemonios
1366 3275 1662 3336 omnium
1727 3274 2054 3337 malorum
2117 3288 2433 3338 auctores

302 3396 436 3438 non
502 3374 748 3451 fuisse,
817 3377 1020 3439 etiam
1083 3382 1511 3465 coryphaeus
1575 3382 1673 3443 ira
1722 3382 2033 3445 incensus
2083 3382 2266 3446 cives
2314 3382 2436 3445 ad-

301 3483 611 3546 hortatur
679 3494 752 3545 ut
821 3485 1046 3546 statim
1118 3486 1184 3547 in
1254 3488 1673 3569 proditorem
1744 3489 2006 3574 lapides
2071 3490 2430 3554 coniciant.

301 3588 405 3652 Ita
450 3611 672 3675 neque
722 3590 917 3654 aliter
962 3593 1200 3654 horum
1247 3615 1560 3656 versuum
1609 3608 1803 3658 tenor
1850 3597 2149 3683 intellegi
2206 3608 2433 3681 potest

303 3709 507 3782 atque
571 3699 840 3762 omnino
902 3721 1412 3783 supervacanea
1475 3703 1743 3765 videtur
1793 3705 2181 3767 coniectura
2229 3727 2434 3790 quam

302 3805 580 3888 protulit
657 3805 731 3870 C.
805 3806 1221 3870 Waclzsmutlz
1295 3811 1386 3892 (p.
1439 3812 1612 3892 376).
1730 3809 1870 3886 Qui
1944 3810 2130 3874 iubet
2201 3835 2433 3877 versus

306 3914 654 3978 315-318
677 3926 834 3977 ante
861 3936 1128 3978 versum
1151 3919 1276 3980 303
1300 3916 1460 3999 poni
1485 3917 1577 3979 ita
1604 3929 1678 3979 ut
1703 3938 1937 3980 versus
1962 3922 2085 3983 317
2114 3933 2435 4003 sequatur

303 4040 571 4081 versum
623 4025 748 4086 318
815 4034 1021 4107 atque
1087 4024 1153 4086 in
1222 4046 1420 4087 versu
1470 4029 1595 4089 316
1664 4023 1723 4091 εἰ
1783 4026 1851 4087 in
1910 4015 1948 4114 ἧ
2015 4026 2432 4090 emendetur.

304 4124 596 4188 Versum
663 4131 790 4192 313
859 4128 1366 4215 Dicaeopolidi,
1436 4136 1561 4197 316
1639 4134 1882 4210 choro,
1965 4134 2091 4198 318
2164 4145 2231 4196 et
2304 4138 2427 4197 317

302 4229 777 4320 Dicaeopolidi
822 4234 1148 4301 attribuit.
1220 4236 1361 4303 Sed
1407 4239 1462 4302 si
1509 4251 1583 4303 tu
1629 4242 1759 4305 hoc
1805 4240 2122 4306 iudicium
2157 4240 2432 4325 accipiS,

2046 4369 2078 4417 4
