<?xml version="1.0" encoding="UTF-8"?>
<!DOCTYPE html PUBLIC "-//W3C//DTD XHTML 1.0 Transitional//EN"
    "http://www.w3.org/TR/xhtml1/DTD/xhtml1-transitional.dtd">
<html xmlns="http://www.w3.org/1999/xhtml" xml:lang="en" lang="en">
 <head>
  <title>
</title>
<meta http-equiv="Content-Type" content="text/html;charset=utf-8" />
  <meta name='ocr-system' content='tesseract 3.04.00' />
  <meta name='ocr-capabilities' content='ocr_page ocr_carea ocr_par ocr_line ocrx_word'/>
</head>
<body>
  <div class='ocr_page' id='page_1' title='image "./quaestionesdepa00rosegoog_0046.png"; bbox 0 0 3225 5192; ppageno 0'>
   <div class='ocr_carea' id='block_1_1' title="bbox 1521 502 2058 617">
    <p class='ocr_par' dir='ltr' id='par_1_1' title="bbox 1521 502 2058 617">
     <span class='ocr_line' id='line_1_1' title="bbox 1521 502 2058 617; baseline 0 0"><span class='ocrx_word' id='word_1_1' title='bbox 1521 502 2058 617; x_wconf 37' lang='lat'><strong>⁶—38—</strong></span> 
     </span>
    </p>
   </div>
   <div class='ocr_carea' id='block_1_2' title="bbox 773 747 2903 1029">
    <p class='ocr_par' dir='ltr' id='par_1_2' title="bbox 773 747 2903 1029">
     <span class='ocr_line' id='line_1_2' title="bbox 773 747 2902 827; baseline 0 -14"><span class='ocrx_word' id='word_1_2' title='bbox 773 748 1226 825; x_wconf 84' lang='lat' dir='ltr'>hemichoruS‚</span> <span class='ocrx_word' id='word_1_3' title='bbox 1298 753 1653 814; x_wconf 79' lang='lat'>266—270</span> <span class='ocrx_word' id='word_1_4' title='bbox 1701 748 1967 812; x_wconf 85' lang='lat' dir='ltr'>dexteri</span> <span class='ocrx_word' id='word_1_5' title='bbox 2011 747 2383 812; x_wconf 87' lang='lat' dir='ltr'>hemichori</span> <span class='ocrx_word' id='word_1_6' title='bbox 2429 748 2604 827; x_wconf 87' lang='lat' dir='ltr'>dux,</span> <span class='ocrx_word' id='word_1_7' title='bbox 2669 771 2902 815; x_wconf 89' lang='lat' dir='ltr'>versus</span> 
     </span>
     <span class='ocr_line' id='line_1_3' title="bbox 778 855 2903 932; baseline -0.001 -9"><span class='ocrx_word' id='word_1_8' title='bbox 778 860 1132 923; x_wconf 82' lang='lat'>271--280</span> <span class='ocrx_word' id='word_1_9' title='bbox 1181 856 1447 920; x_wconf 85' lang='lat' dir='ltr'>sinister</span> <span class='ocrx_word' id='word_1_10' title='bbox 1491 855 1944 932; x_wconf 85' lang='lat' dir='ltr'>hemichoruS,</span> <span class='ocrx_word' id='word_1_11' title='bbox 2002 859 2351 921; x_wconf 83' lang='lat'>281—285</span> <span class='ocrx_word' id='word_1_12' title='bbox 2400 856 2650 921; x_wconf 87' lang='lat' dir='ltr'>sinistri</span> <span class='ocrx_word' id='word_1_13' title='bbox 2694 857 2903 920; x_wconf 91' lang='lat' dir='ltr'>hemi-</span> 
     </span>
     <span class='ocr_line' id='line_1_4' title="bbox 775 964 1256 1029; baseline -0.006 0"><span class='ocrx_word' id='word_1_14' title='bbox 775 964 962 1029; x_wconf 91' lang='lat' dir='ltr'>chori</span> <span class='ocrx_word' id='word_1_15' title='bbox 1011 964 1171 1028; x_wconf 87' lang='lat' dir='ltr'>dux.</span> <span class='ocrx_word' id='word_1_16' title='bbox 1247 989 1256 996; x_wconf 95' lang='lat'><em>·</em></span> 
     </span>
    </p>
   </div>
   <div class='ocr_carea' id='block_1_3' title="bbox 774 1105 2995 1836">
    <p class='ocr_par' dir='ltr' id='par_1_3' title="bbox 774 1105 2995 1836">
     <span class='ocr_line' id='line_1_5' title="bbox 908 1105 2995 1171; baseline 0 -2"><span class='ocrx_word' id='word_1_17' title='bbox 908 1105 1251 1170; x_wconf 81' lang='lat' dir='ltr'>Praebent</span> <span class='ocrx_word' id='word_1_18' title='bbox 1302 1126 1535 1169; x_wconf 87' lang='lat' dir='ltr'>versus</span> <span class='ocrx_word' id='word_1_19' title='bbox 1584 1109 1935 1171; x_wconf 83' lang='lat'>286—295</span> <span class='ocrx_word' id='word_1_20' title='bbox 1997 1117 2065 1169; x_wconf 89' lang='lat' dir='ltr'>et</span> <span class='ocrx_word' id='word_1_21' title='bbox 2115 1110 2465 1171; x_wconf 80' lang='lat'>296—305</span> <span class='ocrx_word' id='word_1_22' title='bbox 2513 1119 2901 1171; x_wconf 83' lang='lat' dir='ltr'>accuratam</span> <span class='ocrx_word' id='word_1_23' title='bbox 2991 1130 2995 1134; x_wconf 50' lang='lat'>*</span> 
     </span>
     <span class='ocr_line' id='line_1_6' title="bbox 774 1212 2901 1298; baseline 0 -21"><span class='ocrx_word' id='word_1_24' title='bbox 774 1214 1303 1298; x_wconf 90' lang='lat' dir='ltr'>responsionem.</span> <span class='ocrx_word' id='word_1_25' title='bbox 1372 1212 1554 1276; x_wconf 91' lang='lat' dir='ltr'>Nam</span> <span class='ocrx_word' id='word_1_26' title='bbox 1603 1233 1758 1276; x_wconf 89' lang='lat' dir='ltr'>cum</span> <span class='ocrx_word' id='word_1_27' title='bbox 1806 1213 1873 1275; x_wconf 92' lang='lat' dir='ltr'>in</span> <span class='ocrx_word' id='word_1_28' title='bbox 1921 1212 2055 1277; x_wconf 94' lang='lat' dir='ltr'>oda</span> <span class='ocrx_word' id='word_1_29' title='bbox 2106 1213 2348 1276; x_wconf 91' lang='lat' dir='ltr'>chorus</span> <span class='ocrx_word' id='word_1_30' title='bbox 2396 1213 2678 1277; x_wconf 89' lang='lat' dir='ltr'>moleste</span> <span class='ocrx_word' id='word_1_31' title='bbox 2724 1215 2901 1279; x_wconf 79' lang='lat' dir='ltr'>ferat</span> 
     </span>
     <span class='ocr_line' id='line_1_7' title="bbox 774 1319 2901 1407; baseline 0.001 -25"><span class='ocrx_word' id='word_1_32' title='bbox 774 1321 959 1407; x_wconf 91' lang='lat' dir='ltr'>quod</span> <span class='ocrx_word' id='word_1_33' title='bbox 1009 1321 1310 1406; x_wconf 83' lang='lat' dir='ltr'>graviter</span> <span class='ocrx_word' id='word_1_34' title='bbox 1342 1321 1472 1384; x_wconf 90' lang='lat' dir='ltr'>sint</span> <span class='ocrx_word' id='word_1_35' title='bbox 1504 1319 1702 1406; x_wconf 85' lang='lat' dir='ltr'>lignis</span> <span class='ocrx_word' id='word_1_36' title='bbox 1736 1321 1994 1383; x_wconf 88' lang='lat' dir='ltr'>onerati</span> <span class='ocrx_word' id='word_1_37' title='bbox 2027 1320 2258 1396; x_wconf 87' lang='lat' dir='ltr'>umeri,</span> <span class='ocrx_word' id='word_1_38' title='bbox 2309 1320 2562 1384; x_wconf 87' lang='lat' dir='ltr'>antoda</span> <span class='ocrx_word' id='word_1_39' title='bbox 2595 1321 2901 1385; x_wconf 87' lang='lat' dir='ltr'>audimus</span> 
     </span>
     <span class='ocr_line' id='line_1_8' title="bbox 776 1426 2900 1518; baseline 0 -25"><span class='ocrx_word' id='word_1_40' title='bbox 776 1450 971 1493; x_wconf 91' lang='lat' dir='ltr'>senes</span> <span class='ocrx_word' id='word_1_41' title='bbox 1038 1429 1233 1515; x_wconf 85' lang='lat' dir='ltr'>queri</span> <span class='ocrx_word' id='word_1_42' title='bbox 1295 1428 1482 1514; x_wconf 92' lang='lat' dir='ltr'>quod</span> <span class='ocrx_word' id='word_1_43' title='bbox 1546 1429 1738 1491; x_wconf 78' lang='lat' dir='ltr'>fumo</span> <span class='ocrx_word' id='word_1_44' title='bbox 1802 1428 1874 1494; x_wconf 75' lang='grc' dir='ltr'>ἐκ</span> <span class='ocrx_word' id='word_1_45' title='bbox 1934 1432 2050 1518; x_wconf 79' lang='grc' dir='ltr'>τῆς</span> <span class='ocrx_word' id='word_1_46' title='bbox 2107 1426 2344 1514; x_wconf 79' lang='grc' dir='ltr'><em>χύτρας</em></span> <span class='ocrx_word' id='word_1_47' title='bbox 2409 1430 2900 1494; x_wconf 79' lang='lat' dir='ltr'>excrucientur.</span> 
     </span>
     <span class='ocr_line' id='line_1_9' title="bbox 780 1534 2901 1622; baseline 0 -22"><span class='ocrx_word' id='word_1_48' title='bbox 780 1536 1081 1600; x_wconf 89' lang='lat' dir='ltr'>Chorum</span> <span class='ocrx_word' id='word_1_49' title='bbox 1129 1537 1338 1622; x_wconf 87' lang='lat' dir='ltr'>igitur</span> <span class='ocrx_word' id='word_1_50' title='bbox 1382 1537 1514 1600; x_wconf 91' lang='lat' dir='ltr'>hoc</span> <span class='ocrx_word' id='word_1_51' title='bbox 1561 1535 1715 1599; x_wconf 92' lang='lat' dir='ltr'>loco</span> <span class='ocrx_word' id='word_1_52' title='bbox 1763 1534 2155 1619; x_wconf 88' lang='lat' dir='ltr'>bipartitum</span> <span class='ocrx_word' id='word_1_53' title='bbox 2205 1557 2352 1601; x_wconf 92' lang='lat' dir='ltr'>esse</span> <span class='ocrx_word' id='word_1_54' title='bbox 2401 1557 2601 1599; x_wconf 90' lang='lat' dir='ltr'>nemo</span> <span class='ocrx_word' id='word_1_55' title='bbox 2648 1558 2901 1622; x_wconf 86' lang='lat' dir='ltr'>negare</span> 
     </span>
     <span class='ocr_line' id='line_1_10' title="bbox 778 1643 2904 1730; baseline -0 -22"><span class='ocrx_word' id='word_1_56' title='bbox 778 1655 1027 1729; x_wconf 90' lang='lat' dir='ltr'>potest.</span> <span class='ocrx_word' id='word_1_57' title='bbox 1122 1643 1238 1707; x_wconf 92' lang='lat' dir='ltr'>Ille</span> <span class='ocrx_word' id='word_1_58' title='bbox 1288 1644 1465 1707; x_wconf 89' lang='lat' dir='ltr'>enim</span> <span class='ocrx_word' id='word_1_59' title='bbox 1511 1643 1942 1706; x_wconf 90' lang='lat' dir='ltr'>hemichorus</span> <span class='ocrx_word' id='word_1_60' title='bbox 1991 1664 2221 1707; x_wconf 91' lang='lat' dir='ltr'>secum</span> <span class='ocrx_word' id='word_1_61' title='bbox 2283 1644 2469 1708; x_wconf 89' lang='lat' dir='ltr'>ducit</span> <span class='ocrx_word' id='word_1_62' title='bbox 2516 1644 2732 1730; x_wconf 88' lang='lat' dir='ltr'>ligna,</span> <span class='ocrx_word' id='word_1_63' title='bbox 2794 1644 2904 1707; x_wconf 91' lang='lat' dir='ltr'>hic</span> 
     </span>
     <span class='ocr_line' id='line_1_11' title="bbox 777 1750 2048 1836; baseline 0 -22"><span class='ocrx_word' id='word_1_64' title='bbox 777 1752 844 1814; x_wconf 91' lang='lat' dir='ltr'>in</span> <span class='ocrx_word' id='word_1_65' title='bbox 893 1750 1135 1836; x_wconf 92' lang='lat' dir='ltr'>quibus</span> <span class='ocrx_word' id='word_1_66' title='bbox 1183 1752 1542 1815; x_wconf 88' lang='lat' dir='ltr'>anthraces</span> <span class='ocrx_word' id='word_1_67' title='bbox 1589 1752 1815 1814; x_wconf 88' lang='lat' dir='ltr'>insunt</span> <span class='ocrx_word' id='word_1_68' title='bbox 1864 1750 2048 1815; x_wconf 82' lang='lat' dir='ltr'>ollas,</span> 
     </span>
    </p>
   </div>
   <div class='ocr_carea' id='block_1_4' title="bbox 724 1893 2909 4022">
    <p class='ocr_par' dir='ltr' id='par_1_4' title="bbox 724 1893 2909 4022">
     <span class='ocr_line' id='line_1_12' title="bbox 911 1893 2903 1979; baseline 0.002 -21"><span class='ocrx_word' id='word_1_69' title='bbox 911 1893 1123 1958; x_wconf 88' lang='lat' dir='ltr'>Cuius</span> <span class='ocrx_word' id='word_1_70' title='bbox 1171 1895 1413 1979; x_wconf 91' lang='lat' dir='ltr'>prioris</span> <span class='ocrx_word' id='word_1_71' title='bbox 1460 1894 1677 1979; x_wconf 87' lang='lat' dir='ltr'>partis</span> <span class='ocrx_word' id='word_1_72' title='bbox 1723 1893 1927 1957; x_wconf 89' lang='lat' dir='ltr'>finem</span> <span class='ocrx_word' id='word_1_73' title='bbox 1961 1894 2258 1958; x_wconf 90' lang='lat' dir='ltr'>efficiunt</span> <span class='ocrx_word' id='word_1_74' title='bbox 2291 1916 2525 1958; x_wconf 90' lang='lat' dir='ltr'>versus</span> <span class='ocrx_word' id='word_1_75' title='bbox 2553 1899 2903 1961; x_wconf 81' lang='lat'>306—318</span> 
     </span>
     <span class='ocr_line' id='line_1_13' title="bbox 777 2001 2906 2087; baseline 0 -22"><span class='ocrx_word' id='word_1_76' title='bbox 777 2002 1170 2066; x_wconf 90' lang='lat' dir='ltr'>tetrametri.</span> <span class='ocrx_word' id='word_1_77' title='bbox 1236 2002 1451 2065; x_wconf 88' lang='lat' dir='ltr'>Divisi</span> <span class='ocrx_word' id='word_1_78' title='bbox 1500 2013 1655 2066; x_wconf 88' lang='lat' dir='ltr'>sunt</span> <span class='ocrx_word' id='word_1_79' title='bbox 1701 2001 1901 2086; x_wconf 88' lang='lat' dir='ltr'>plane</span> <span class='ocrx_word' id='word_1_80' title='bbox 1950 2002 2017 2064; x_wconf 91' lang='lat' dir='ltr'>in</span> <span class='ocrx_word' id='word_1_81' title='bbox 2066 2002 2236 2065; x_wconf 90' lang='lat' dir='ltr'>duas</span> <span class='ocrx_word' id='word_1_82' title='bbox 2268 2001 2654 2087; x_wconf 76' lang='lat' dir='ltr'>particulas·</span> <span class='ocrx_word' id='word_1_83' title='bbox 2726 2001 2906 2066; x_wconf 88' lang='lat' dir='ltr'>Nam</span> 
     </span>
     <span class='ocr_line' id='line_1_14' title="bbox 780 2107 2907 2194; baseline 0.001 -21"><span class='ocrx_word' id='word_1_84' title='bbox 780 2130 934 2173; x_wconf 90' lang='lat' dir='ltr'>cum</span> <span class='ocrx_word' id='word_1_85' title='bbox 983 2110 1274 2193; x_wconf 90' lang='lat' dir='ltr'>primum</span> <span class='ocrx_word' id='word_1_86' title='bbox 1336 2107 1422 2171; x_wconf 94' lang='lat' dir='ltr'>ab</span> <span class='ocrx_word' id='word_1_87' title='bbox 1472 2109 1687 2172; x_wconf 87' lang='lat' dir='ltr'>altera</span> <span class='ocrx_word' id='word_1_88' title='bbox 1733 2121 1928 2194; x_wconf 88' lang='lat' dir='ltr'>parte</span> <span class='ocrx_word' id='word_1_89' title='bbox 1994 2109 2325 2192; x_wconf 89' lang='lat' dir='ltr'>(versibus</span> <span class='ocrx_word' id='word_1_90' title='bbox 2376 2112 2753 2194; x_wconf 83' lang='lat'>307—311)</span> <span class='ocrx_word' id='word_1_91' title='bbox 2801 2132 2907 2175; x_wconf 94' lang='lat' dir='ltr'>ro-</span> 
     </span>
     <span class='ocr_line' id='line_1_15' title="bbox 777 2216 2906 2302; baseline 0.001 -24"><span class='ocrx_word' id='word_1_92' title='bbox 777 2227 983 2302; x_wconf 81' lang='lat' dir='ltr'>getur</span> <span class='ocrx_word' id='word_1_93' title='bbox 1030 2238 1193 2283; x_wconf 88' lang='lat' dir='ltr'>num</span> <span class='ocrx_word' id='word_1_94' title='bbox 1237 2216 1435 2302; x_wconf 86' lang='lat' dir='ltr'>lignis</span> <span class='ocrx_word' id='word_1_95' title='bbox 1469 2216 1794 2301; x_wconf 91' lang='lat' dir='ltr'>depositis</span> <span class='ocrx_word' id='word_1_96' title='bbox 1830 2217 1918 2280; x_wconf 88' lang='lat' dir='ltr'>ad</span> <span class='ocrx_word' id='word_1_97' title='bbox 1950 2217 2279 2301; x_wconf 89' lang='lat' dir='ltr'>impetum</span> <span class='ocrx_word' id='word_1_98' title='bbox 2312 2217 2530 2302; x_wconf 90' lang='lat' dir='ltr'>ipsum</span> <span class='ocrx_word' id='word_1_99' title='bbox 2562 2219 2906 2281; x_wconf 85' lang='lat' dir='ltr'>transituri</span> 
     </span>
     <span class='ocr_line' id='line_1_16' title="bbox 779 2322 2906 2414; baseline 0.003 -30"><span class='ocrx_word' id='word_1_100' title='bbox 779 2323 945 2399; x_wconf 90' lang='lat' dir='ltr'>sint,</span> <span class='ocrx_word' id='word_1_101' title='bbox 1013 2323 1195 2386; x_wconf 89' lang='lat' dir='ltr'>hisce</span> <span class='ocrx_word' id='word_1_102' title='bbox 1264 2322 1486 2386; x_wconf 90' lang='lat' dir='ltr'>verbis</span> <span class='ocrx_word' id='word_1_103' title='bbox 1550 2322 1884 2408; x_wconf 70' lang='grc' dir='ltr'><em>θώμεσθα</em></span> <span class='ocrx_word' id='word_1_104' title='bbox 1950 2322 2030 2413; x_wconf 78' lang='grc' dir='ltr'>δὴ</span> <span class='ocrx_word' id='word_1_105' title='bbox 2092 2322 2168 2390; x_wconf 82' lang='grc' dir='ltr'>τὸ</span> <span class='ocrx_word' id='word_1_106' title='bbox 2233 2323 2540 2411; x_wconf 79' lang='grc' dir='ltr'><em>πορτίον,</em></span> <span class='ocrx_word' id='word_1_107' title='bbox 2608 2329 2732 2414; x_wconf 80' lang='grc' dir='ltr'>φεῦ</span> <span class='ocrx_word' id='word_1_108' title='bbox 2792 2329 2906 2392; x_wconf 78' lang='grc' dir='ltr'>τοῦ</span> 
     </span>
     <span class='ocr_line' id='line_1_17' title="bbox 778 2428 2902 2518; baseline 0 -23"><span class='ocrx_word' id='word_1_109' title='bbox 778 2434 1038 2496; x_wconf 74' lang='grc' dir='ltr'><em>καπνοῦ</em></span> <span class='ocrx_word' id='word_1_110' title='bbox 1067 2428 1358 2515; x_wconf 79' lang='grc' dir='ltr'><strong><em>βαβαιάξ</em></strong></span> <span class='ocrx_word' id='word_1_111' title='bbox 1398 2430 1661 2494; x_wconf 87' lang='lat' dir='ltr'>illorum</span> <span class='ocrx_word' id='word_1_112' title='bbox 1710 2431 2181 2496; x_wconf 89' lang='lat' dir='ltr'>condicionem</span> <span class='ocrx_word' id='word_1_113' title='bbox 2224 2431 2511 2496; x_wconf 89' lang='lat' dir='ltr'>libenter</span> <span class='ocrx_word' id='word_1_114' title='bbox 2543 2434 2902 2518; x_wconf 88' lang='lat' dir='ltr'>accipiunt.</span> 
     </span>
     <span class='ocr_line' id='line_1_18' title="bbox 780 2536 2907 2625; baseline 0.001 -24"><span class='ocrx_word' id='word_1_115' title='bbox 780 2536 939 2601; x_wconf 88' lang='lat' dir='ltr'>Sine</span> <span class='ocrx_word' id='word_1_116' title='bbox 989 2537 1195 2601; x_wconf 90' lang='lat' dir='ltr'>dubio</span> <span class='ocrx_word' id='word_1_117' title='bbox 1242 2537 1309 2601; x_wconf 89' lang='lat' dir='ltr'>hi</span> <span class='ocrx_word' id='word_1_118' title='bbox 1358 2540 1737 2602; x_wconf 89' lang='lat' dir='ltr'>tetrametri</span> <span class='ocrx_word' id='word_1_119' title='bbox 1784 2551 1939 2602; x_wconf 88' lang='lat' dir='ltr'>sunt</span> <span class='ocrx_word' id='word_1_120' title='bbox 1986 2540 2180 2603; x_wconf 88' lang='lat' dir='ltr'>unius</span> <span class='ocrx_word' id='word_1_121' title='bbox 2227 2562 2561 2625; x_wconf 88' lang='lat' dir='ltr'>personae</span> <span class='ocrx_word' id='word_1_122' title='bbox 2581 2543 2649 2624; x_wconf 84' lang='grc'>1).</span> <span class='ocrx_word' id='word_1_123' title='bbox 2716 2540 2907 2618; x_wconf 84' lang='lat' dir='ltr'>Quo-</span> 
     </span>
     <span class='ocr_line' id='line_1_19' title="bbox 779 2645 2906 2732; baseline 0.003 -25"><span class='ocrx_word' id='word_1_124' title='bbox 779 2645 960 2708; x_wconf 88' lang='lat' dir='ltr'>niam</span> <span class='ocrx_word' id='word_1_125' title='bbox 1013 2667 1192 2721; x_wconf 31' lang='lat' dir='ltr'>.vero</span> <span class='ocrx_word' id='word_1_126' title='bbox 1272 2667 1504 2709; x_wconf 90' lang='lat' dir='ltr'>versus</span> <span class='ocrx_word' id='word_1_127' title='bbox 1573 2650 1921 2711; x_wconf 84' lang='lat'>307—311</span> <span class='ocrx_word' id='word_1_128' title='bbox 2006 2647 2356 2712; x_wconf 90' lang='lat' dir='ltr'>evidenter</span> <span class='ocrx_word' id='word_1_129' title='bbox 2434 2660 2749 2732; x_wconf 87' lang='lat' dir='ltr'>spectant</span> <span class='ocrx_word' id='word_1_130' title='bbox 2818 2649 2906 2713; x_wconf 88' lang='lat' dir='ltr'>ad</span> 
     </span>
     <span class='ocr_line' id='line_1_20' title="bbox 780 2756 2905 2831; baseline 0.002 -16"><span class='ocrx_word' id='word_1_131' title='bbox 780 2775 1016 2817; x_wconf 88' lang='lat' dir='ltr'>versus</span> <span class='ocrx_word' id='word_1_132' title='bbox 1066 2758 1452 2831; x_wconf 81' lang='grc'>286-295,</span> <span class='ocrx_word' id='word_1_133' title='bbox 1521 2775 1756 2817; x_wconf 90' lang='lat' dir='ltr'>versus</span> <span class='ocrx_word' id='word_1_134' title='bbox 1826 2766 2055 2818; x_wconf 91' lang='lat' dir='ltr'>autem</span> <span class='ocrx_word' id='word_1_135' title='bbox 2107 2759 2455 2821; x_wconf 80' lang='lat'>312—316</span> <span class='ocrx_word' id='word_1_136' title='bbox 2524 2756 2614 2820; x_wconf 89' lang='lat' dir='ltr'>ad</span> <span class='ocrx_word' id='word_1_137' title='bbox 2672 2777 2905 2819; x_wconf 88' lang='lat' dir='ltr'>versus</span> 
     </span>
     <span class='ocr_line' id='line_1_21' title="bbox 781 2860 2908 2947; baseline 0 -22"><span class='ocrx_word' id='word_1_138' title='bbox 781 2865 1152 2937; x_wconf 81' lang='grc'>296-305,</span> <span class='ocrx_word' id='word_1_139' title='bbox 1201 2861 1293 2925; x_wconf 87' lang='lat' dir='ltr'>nil</span> <span class='ocrx_word' id='word_1_140' title='bbox 1341 2860 1568 2925; x_wconf 88' lang='lat' dir='ltr'>obstat</span> <span class='ocrx_word' id='word_1_141' title='bbox 1616 2864 1973 2947; x_wconf 88' lang='lat' dir='ltr'>quominus</span> <span class='ocrx_word' id='word_1_142' title='bbox 2020 2863 2166 2927; x_wconf 90' lang='lat' dir='ltr'>illos</span> <span class='ocrx_word' id='word_1_143' title='bbox 2200 2863 2358 2927; x_wconf 92' lang='lat' dir='ltr'>duci</span> <span class='ocrx_word' id='word_1_144' title='bbox 2388 2863 2656 2928; x_wconf 83' lang='lat' dir='ltr'>dexteri</span> <span class='ocrx_word' id='word_1_145' title='bbox 2701 2865 2908 2927; x_wconf 90' lang='lat' dir='ltr'>hemi-</span> 
     </span>
     <span class='ocr_line' id='line_1_22' title="bbox 781 2968 2908 3055; baseline 0.003 -26"><span class='ocrx_word' id='word_1_146' title='bbox 781 2968 991 3045; x_wconf 89' lang='lat' dir='ltr'>chori,</span> <span class='ocrx_word' id='word_1_147' title='bbox 1038 2968 1172 3031; x_wconf 84' lang='lat' dir='ltr'>hos·</span> <span class='ocrx_word' id='word_1_148' title='bbox 1209 2969 1456 3031; x_wconf 90' lang='lat' dir='ltr'>sinistri</span> <span class='ocrx_word' id='word_1_149' title='bbox 1503 2970 1920 3034; x_wconf 78' lang='lat' dir='ltr'>addicamus,</span> <span class='ocrx_word' id='word_1_150' title='bbox 1988 2969 2168 3034; x_wconf 91' lang='lat' dir='ltr'>Sane</span> <span class='ocrx_word' id='word_1_151' title='bbox 2204 2970 2477 3055; x_wconf 89' lang='lat' dir='ltr'>quidem</span> <span class='ocrx_word' id='word_1_152' title='bbox 2523 2973 2702 3036; x_wconf 89' lang='lat' dir='ltr'>hunc</span> <span class='ocrx_word' id='word_1_153' title='bbox 2751 2993 2908 3036; x_wconf 92' lang='lat' dir='ltr'>con-</span> 
     </span>
     <span class='ocr_line' id='line_1_23' title="bbox 782 3074 2899 3163; baseline 0.003 -25"><span class='ocrx_word' id='word_1_154' title='bbox 782 3086 1054 3138; x_wconf 92' lang='lat' dir='ltr'>centum</span> <span class='ocrx_word' id='word_1_155' title='bbox 1102 3074 1329 3139; x_wconf 90' lang='lat' dir='ltr'>turbat</span> <span class='ocrx_word' id='word_1_156' title='bbox 1377 3099 1612 3140; x_wconf 88' lang='lat' dir='ltr'>versus</span> <span class='ocrx_word' id='word_1_157' title='bbox 1664 3081 1813 3154; x_wconf 84' lang='lat'><strong>306,</strong></span> <span class='ocrx_word' id='word_1_158' title='bbox 1863 3077 1986 3140; x_wconf 90' lang='lat' dir='ltr'>nisi</span> <span class='ocrx_word' id='word_1_159' title='bbox 2037 3076 2208 3141; x_wconf 91' lang='lat' dir='ltr'>forte</span> <span class='ocrx_word' id='word_1_160' title='bbox 2255 3090 2412 3163; x_wconf 91' lang='lat' dir='ltr'>post</span> <span class='ocrx_word' id='word_1_161' title='bbox 2460 3100 2731 3142; x_wconf 92' lang='lat' dir='ltr'>versum</span> <span class='ocrx_word' id='word_1_162' title='bbox 2782 3084 2899 3145; x_wconf 87' lang='lat'>311</span> 
     </span>
     <span class='ocr_line' id='line_1_24' title="bbox 780 3184 2906 3273; baseline 0.002 -29"><span class='ocrx_word' id='word_1_163' title='bbox 780 3203 986 3244; x_wconf 89' lang='lat' dir='ltr'>unum</span> <span class='ocrx_word' id='word_1_164' title='bbox 1046 3204 1316 3246; x_wconf 88' lang='lat' dir='ltr'>versum</span> <span class='ocrx_word' id='word_1_165' title='bbox 1378 3184 1678 3247; x_wconf 90' lang='lat' dir='ltr'>deletum</span> <span class='ocrx_word' id='word_1_166' title='bbox 1739 3206 1887 3248; x_wconf 88' lang='lat' dir='ltr'>esse</span> <span class='ocrx_word' id='word_1_167' title='bbox 1950 3184 2275 3249; x_wconf 79' lang='lat' dir='ltr'>volumus,</span> <span class='ocrx_word' id='word_1_168' title='bbox 2370 3184 2617 3272; x_wconf 91' lang='lat' dir='ltr'>Neque</span> <span class='ocrx_word' id='word_1_169' title='bbox 2681 3187 2906 3273; x_wconf 91' lang='lat' dir='ltr'>inepte</span> 
     </span>
     <span class='ocr_line' id='line_1_25' title="bbox 781 3289 2904 3376; baseline 0.003 -25"><span class='ocrx_word' id='word_1_170' title='bbox 781 3289 1079 3372; x_wconf 82' lang='lat' dir='ltr'>explicat</span> <span class='ocrx_word' id='word_1_171' title='bbox 1144 3290 1229 3353; x_wconf 90' lang='lat' dir='ltr'>de</span> <span class='ocrx_word' id='word_1_172' title='bbox 1300 3292 1430 3355; x_wconf 91' lang='lat' dir='ltr'>hoc</span> <span class='ocrx_word' id='word_1_173' title='bbox 1491 3313 1693 3355; x_wconf 91' lang='lat' dir='ltr'>versu</span> <span class='ocrx_word' id='word_1_174' title='bbox 1743 3291 2073 3354; x_wconf 75' lang='lat' dir='ltr'>Zielinski</span> <span class='ocrx_word' id='word_1_175' title='bbox 2111 3314 2177 3376; x_wconf 92' lang='lat' dir='ltr'>p.</span> <span class='ocrx_word' id='word_1_176' title='bbox 2234 3296 2351 3357; x_wconf 89' lang='lat'>141</span> <span class='ocrx_word' id='word_1_177' title='bbox 2406 3293 2562 3357; x_wconf 89' lang='lat' dir='ltr'>adn.</span> <span class='ocrx_word' id='word_1_178' title='bbox 2615 3299 2653 3358; x_wconf 83' lang='lat'>2</span> <span class='ocrx_word' id='word_1_179' title='bbox 2702 3295 2904 3359; x_wconf 85' lang='lat' dir='ltr'>haec:</span> 
     </span>
     <span class='ocr_line' id='line_1_26' title="bbox 782 3395 2908 3482; baseline 0.004 -25"><span class='ocrx_word' id='word_1_180' title='bbox 782 3395 953 3482; x_wconf 58' lang='lat' dir='ltr'>‘Wir</span> <span class='ocrx_word' id='word_1_181' title='bbox 1013 3398 1238 3482; x_wconf 86' lang='lat' dir='ltr'>gehen</span> <span class='ocrx_word' id='word_1_182' title='bbox 1306 3398 1485 3461; x_wconf 87' lang='lat' dir='ltr'>wohl</span> <span class='ocrx_word' id='word_1_183' title='bbox 1550 3421 1661 3463; x_wconf 89' lang='lat' dir='ltr'>am</span> <span class='ocrx_word' id='word_1_184' title='bbox 1708 3400 2117 3477; x_wconf 89' lang='lat' dir='ltr'>sichersten‚</span> <span class='ocrx_word' id='word_1_185' title='bbox 2185 3421 2381 3463; x_wconf 87' lang='lat' dir='ltr'>wenn</span> <span class='ocrx_word' id='word_1_186' title='bbox 2449 3401 2572 3464; x_wconf 86' lang='lat' dir='ltr'>vvir</span> <span class='ocrx_word' id='word_1_187' title='bbox 2638 3402 2908 3466; x_wconf 79' lang='lat' dir='ltr'>einfach</span> 
     </span>
     <span class='ocr_line' id='line_1_27' title="bbox 724 3503 2906 3597; baseline 0.002 -30"><span class='ocrx_word' id='word_1_188' title='bbox 724 3593 729 3597; x_wconf 20' lang='lat'>⁸</span> <span class='ocrx_word' id='word_1_189' title='bbox 780 3503 887 3567; x_wconf 91' lang='lat' dir='ltr'>die</span> <span class='ocrx_word' id='word_1_190' title='bbox 937 3503 1379 3568; x_wconf 88' lang='lat' dir='ltr'>Thatsachen</span> <span class='ocrx_word' id='word_1_191' title='bbox 1426 3505 1695 3569; x_wconf 91' lang='lat' dir='ltr'>solcher</span> <span class='ocrx_word' id='word_1_192' title='bbox 1757 3505 1991 3570; x_wconf 85' lang='lat' dir='ltr'>wilder</span> <span class='ocrx_word' id='word_1_193' title='bbox 2037 3505 2331 3570; x_wconf 87' lang='lat' dir='ltr'>Ranken</span> <span class='ocrx_word' id='word_1_194' title='bbox 2399 3506 2906 3586; x_wconf 87' lang='lat' dir='ltr'>konstatieren&#39;,</span> 
     </span>
     <span class='ocr_line' id='line_1_28' title="bbox 780 3612 2909 3701; baseline 0.003 -28"><span class='ocrx_word' id='word_1_195' title='bbox 780 3612 1178 3694; x_wconf 89' lang='lat' dir='ltr'>praesertim</span> <span class='ocrx_word' id='word_1_196' title='bbox 1243 3633 1397 3676; x_wconf 91' lang='lat' dir='ltr'>cum</span> <span class='ocrx_word' id='word_1_197' title='bbox 1460 3613 1712 3677; x_wconf 89' lang='lat' dir='ltr'>ducum</span> <span class='ocrx_word' id='word_1_198' title='bbox 1774 3614 2145 3677; x_wconf 89' lang='lat' dir='ltr'>tetrametri</span> <span class='ocrx_word' id='word_1_199' title='bbox 2210 3614 2277 3677; x_wconf 88' lang='lat' dir='ltr'>in</span> <span class='ocrx_word' id='word_1_200' title='bbox 2328 3614 2422 3678; x_wconf 90' lang='lat' dir='ltr'>eis</span> <span class='ocrx_word' id='word_1_201' title='bbox 2489 3636 2664 3700; x_wconf 88' lang='lat' dir='ltr'>quae</span> <span class='ocrx_word' id='word_1_202' title='bbox 2714 3637 2909 3701; x_wconf 90' lang='lat' dir='ltr'>prae-</span> 
     </span>
     <span class='ocr_line' id='line_1_29' title="bbox 784 3717 2903 3808; baseline 0.003 -28"><span class='ocrx_word' id='word_1_203' title='bbox 784 3717 1035 3782; x_wconf 86' lang='lat' dir='ltr'>cedunt</span> <span class='ocrx_word' id='word_1_204' title='bbox 1106 3719 1310 3783; x_wconf 90' lang='lat' dir='ltr'>etiam</span> <span class='ocrx_word' id='word_1_205' title='bbox 1378 3720 1560 3805; x_wconf 91' lang='lat' dir='ltr'>quini</span> <span class='ocrx_word' id='word_1_206' title='bbox 1628 3721 1758 3783; x_wconf 89' lang='lat' dir='ltr'>sint</span> <span class='ocrx_word' id='word_1_207' title='bbox 1852 3721 1941 3784; x_wconf 75' lang='lat' dir='ltr'>cf.</span> <span class='ocrx_word' id='word_1_208' title='bbox 1991 3743 2054 3783; x_wconf 88' lang='lat' dir='ltr'>v.</span> <span class='ocrx_word' id='word_1_209' title='bbox 2106 3725 2233 3786; x_wconf 87' lang='grc'>266</span> <span class='ocrx_word' id='word_1_210' title='bbox 2276 3742 2424 3807; x_wconf 91' lang='lat' dir='ltr'>sqq.</span> <span class='ocrx_word' id='word_1_211' title='bbox 2475 3745 2536 3785; x_wconf 93' lang='lat' dir='ltr'>v.</span> <span class='ocrx_word' id='word_1_212' title='bbox 2589 3726 2711 3787; x_wconf 87' lang='grc'><strong>281</strong></span> <span class='ocrx_word' id='word_1_213' title='bbox 2760 3744 2903 3808; x_wconf 89' lang='lat' dir='ltr'>sqq.</span> 
     </span>
     <span class='ocr_line' id='line_1_30' title="bbox 782 3824 2905 3914; baseline 0.001 -26"><span class='ocrx_word' id='word_1_214' title='bbox 782 3824 898 3888; x_wconf 89' lang='lat' dir='ltr'>Ad</span> <span class='ocrx_word' id='word_1_215' title='bbox 947 3838 1324 3890; x_wconf 83' lang='lat' dir='ltr'>extremum</span> <span class='ocrx_word' id='word_1_216' title='bbox 1375 3829 1802 3914; x_wconf 88' lang='lat' dir='ltr'>coryphaeus</span> <span class='ocrx_word' id='word_1_217' title='bbox 1868 3827 2174 3892; x_wconf 88' lang='lat' dir='ltr'>versibus</span> <span class='ocrx_word' id='word_1_218' title='bbox 2225 3833 2348 3894; x_wconf 82' lang='lat'>317</span> <span class='ocrx_word' id='word_1_219' title='bbox 2402 3840 2470 3892; x_wconf 88' lang='lat' dir='ltr'>et</span> <span class='ocrx_word' id='word_1_220' title='bbox 2520 3833 2646 3894; x_wconf 84' lang='lat'>318</span> <span class='ocrx_word' id='word_1_221' title='bbox 2696 3851 2737 3893; x_wconf 93' lang='lat' dir='ltr'>a</span> <span class='ocrx_word' id='word_1_222' title='bbox 2785 3829 2905 3892; x_wconf 88' lang='lat' dir='ltr'>diis</span> 
     </span>
     <span class='ocr_line' id='line_1_31' title="bbox 782 3933 2898 4022; baseline 0.003 -28"><span class='ocrx_word' id='word_1_223' title='bbox 782 3933 1135 3997; x_wconf 87' lang='lat' dir='ltr'>victoriam</span> <span class='ocrx_word' id='word_1_224' title='bbox 1202 3947 1541 4020; x_wconf 90' lang='lat' dir='ltr'>precatur.</span> <span class='ocrx_word' id='word_1_225' title='bbox 1655 3935 1858 3999; x_wconf 87' lang='lat' dir='ltr'>Falso</span> <span class='ocrx_word' id='word_1_226' title='bbox 1930 3937 2197 4000; x_wconf 87' lang='lat' dir='ltr'>videtur</span> <span class='ocrx_word' id='word_1_227' title='bbox 2267 3934 2599 3999; x_wconf 77' lang='lat' dir='ltr'><em>Zielinski</em></span> <span class='ocrx_word' id='word_1_228' title='bbox 2654 3959 2722 4022; x_wconf 93' lang='lat' dir='ltr'>p.</span> <span class='ocrx_word' id='word_1_229' title='bbox 2786 3940 2898 4000; x_wconf 91' lang='lat'>141</span> 
     </span>
    </p>
   </div>
   <div class='ocr_carea' id='block_1_5' title="bbox 780 4126 1204 4134">
    <p class='ocr_par' dir='ltr' id='par_1_5' title="bbox 780 4126 1204 4134">
     <span class='ocr_line' id='line_1_32' title="bbox 780 4126 1204 4134; baseline 0 1058"><span class='ocrx_word' id='word_1_230' title='bbox 780 4126 1204 4134; x_wconf 95' lang='lat' dir='ltr'> </span> 
     </span>
    </p>
   </div>
   <div class='ocr_carea' id='block_1_6' title="bbox 928 4239 1735 4316">
    <p class='ocr_par' dir='ltr' id='par_1_6' title="bbox 928 4239 1735 4316">
     <span class='ocr_line' id='line_1_33' title="bbox 928 4239 1735 4316; baseline 0.006 -26"><span class='ocrx_word' id='word_1_231' title='bbox 928 4239 964 4311; x_wconf 92' lang='lat'>¹)</span> <span class='ocrx_word' id='word_1_232' title='bbox 1007 4242 1074 4291; x_wconf 93' lang='lat' dir='ltr'>cf.</span> <span class='ocrx_word' id='word_1_233' title='bbox 1116 4243 1279 4316; x_wconf 85' lang='lat' dir='ltr'>Muff</span> <span class='ocrx_word' id='word_1_234' title='bbox 1306 4259 1359 4311; x_wconf 91' lang='lat' dir='ltr'>p.</span> <span class='ocrx_word' id='word_1_235' title='bbox 1401 4245 1448 4294; x_wconf 83' lang='lat'>9.</span> <span class='ocrx_word' id='word_1_236' title='bbox 1489 4245 1573 4301; x_wconf 78' lang='lat'>41.</span> <span class='ocrx_word' id='word_1_237' title='bbox 1622 4245 1735 4299; x_wconf 79' lang='lat'>157.</span> 
     </span>
    </p>
   </div>
  </div>
 </body>
</html>
