3225 5192
1142 549 1588 633 ...27ss

302 770 585 825 cantant
634 759 772 826 duo
821 760 1112 840 cantica,
1161 783 1448 850 quorum
1495 763 1764 851 utrique
1813 764 2293 831 continuantur
2338 764 2433 831 di-

268 858 538 932 'verbia
586 869 762 933 inter
806 869 1225 935 Mercurium
1275 883 1345 935 et
1390 862 1793 959 Trygaeum
1844 876 1978 957 (vv.
2029 876 2429 958 459—507).

299 974 631 1056 Versibus
681 981 1025 1042 508—511
1098 978 1429 1043 intersunt
1496 980 1741 1043 chorus
1807 980 2188 1046 Mercurius
2253 982 2435 1069 Try-

298 1103 551 1168 gaeus3
623 1084 962 1147 canticum
1027 1096 1256 1148 autem
1323 1089 1456 1170 (νν.
1511 1090 1888 1172 512—519)
1956 1089 2137 1152 solus
2186 1090 2432 1153 chorus

298 1191 711 1274 pronuntiat.
814 1270 817 1273 Ι

432 1297 508 1361 In
555 1299 820 1383 parodo
868 1300 1072 1386 igitur
1118 1301 1263 1385 ipsa
1311 1323 1591 1386 perraro
1640 1324 1853 1367 novas
1884 1324 2212 1388 personas
2245 1324 2436 1367 scae-

299 1426 455 1468 nam
535 1406 700 1470 inire
779 1407 983 1471 facile
1061 1410 1554 1493 cognoscimus.
1672 1409 1833 1486 Qua
1910 1432 1950 1473 a
2020 1411 2431 1495 parodorum

299 1512 559 1576 ratione
608 1514 792 1577 solae
843 1513 1386 1578 Acharnensium
1437 1515 1925 1601 (Dicaeopolis)
1974 1515 2174 1582 Pacis
2222 1518 2434 1601 (Mer-

299 1619 548 1704 curius)
596 1620 1225 1685 Ecclesiazusarum
1273 1621 1488 1685 altera
1536 1621 1993 1709 (Praxagora)
2051 1623 2429 1688 discedunt.

296 1726 625 1792 Attamen
675 1729 742 1792 in
774 1727 1040 1793 duabus
1071 1727 1407 1814 prioribus
1441 1729 1719 1814 parodis
1753 1742 1908 1793 sunt
1940 1751 2063 1793 eae
2097 1751 2430 1815 personae

298 1856 473 1921 quae
541 1837 747 1921 paulo
817 1848 975 1900 ante
1041 1858 1246 1922 quam
1309 1837 1610 1921 parodus
1669 1838 1920 1922 incepit
2001 1838 2275 1902 demum
2345 1839 2431 1902 de

297 1964 549 2008 scaena
595 1955 1041 2007 recesserunt.

1292 2123 1436 2205 §a

909 2246 1024 2312 De
1071 2248 1492 2313 verborum
1539 2255 1828 2314 tenore.

430 2387 677 2452 Restat
742 2400 816 2452 ut
881 2389 1087 2473 paulo
1152 2391 1537 2454 accuratius
1605 2390 2013 2455 disseramus
2075 2392 2291 2477 qualis
2348 2393 2432 2455 sit

298 2498 540 2582 parodi
587 2498 950 2563 verborum
998 2512 1223 2575 tenor3
1273 2522 1408 2586 qua
1460 2521 1612 2564 cum
1665 2500 2061 2586 quaestione
2108 2521 2269 2564 sane
2319 2521 2435 2563 ne-

298 2605 591 2668 cessario
655 2627 735 2669 ea
784 2606 1114 2670 artissime
1181 2608 1535 2685 cohaeret,
1608 2629 1785 2693 quae
1852 2608 2023 2671 ratio
2072 2605 2431 2670 verborum

298 2713 513 2775 tenori
561 2712 942 2777 intercedat
1009 2734 1164 2777 cum
1210 2714 1289 2777 iis
1338 2734 1514 2799 quae
1579 2714 1666 2777 de
1715 2735 1787 2776 re
1836 2714 2117 2777 metrica
2165 2725 2232 2776 et
2278 2735 2434 2798 per-

296 2841 613 2884 sonarum
662 2821 1033 2885 mutatione
1082 2843 1287 2906 supra
1336 2822 1791 2906 exposuimus,
1870 2819 2102 2907 Atque
2150 2822 2242 2884 ita
2284 2821 2431 2906 qui-

297 2926 455 2990 dem
523 2949 664 2990 rem
740 2929 1164 2992 instituamus
1233 2940 1308 2992 ut
1379 2930 1670 3014 primum
1748 2929 1814 2991 in
1882 2927 2426 2992 Acharnensium

295 3033 620 3119 Equitum
645 3035 1034 3121 Vesparum
1059 3035 1312 3100 Avium
1344 3036 1771 3123 Lysistratae
1804 3036 2157 3100 Ranarum
2189 3036 2433 3100 Eccle-

296 3142 710 3206 siazusarum
759 3142 939 3207 Pluti
985 3145 1285 3229 parodos
1334 3145 1768 3230 inquiramus,
1832 3145 2079 3208 deinde
2127 3143 2430 3208 Nubium

295 3247 533 3326 PaciS‚
595 3272 765 3336 quas
815 3250 1083 3315 fabulas
1130 3274 1171 3315 a
1218 3260 1426 3337 poeta
1473 3253 1840 3337 rescriptas
1888 3263 2428 3337 retractatasque

296 3356 804 3441 quaestionibus
877 3359 1120 3422 nostris
1191 3359 1435 3422 multas
1509 3371 1576 3423 et
1641 3381 1926 3445 magnas
1998 3358 2428 3422 difficultates

293 3463 627 3549 praebere
675 3466 848 3529 inter
899 3487 1131 3530 omnes
1179 3478 1465 3531 constat.
2228 3452 2246 3463 ³

424 3570 570 3635 ‘Sed
616 3573 1009 3658 priusquam
1058 3573 1351 3637 mediam
1399 3575 1464 3637 in
1515 3596 1656 3637 rem
1690 3574 2036 3651 intremuS‚
2086 3595 2220 3637 non
2268 3573 2428 3636 alie-

294 3700 454 3742 num
503 3679 772 3743 videtur
819 3702 967 3744 esse
1016 3680 1314 3745 breviter
1369 3681 1704 3766 attingere
1754 3681 2096 3766 quomodo
2147 3682 2426 3744 chorum

295 3786 436 3849 sive
517 3787 935 3851 canticorum
1015 3789 1155 3852 sive
1245 3788 1703 3852 diverbiorum
1788 3789 2187 3873 participem
2277 3810 2424 3852 esse

292 3905 627 3978 putemus.
722 3895 904 3959 Nam
952 3876 1361 3981 quamquam
1419 3897 1482 3959 in
1534 3896 1843 3961 omnibus
1893 3895 2242 3962 codicibus
2261 3898 2307 3980 1)
2357 3908 2425 3960 et

438 4074 478 4141 ¹)
516 4077 806 4126 Invenitur
846 4092 978 4126 sane
1018 4080 1073 4126 in
1113 4078 1405 4127 codicibus
1443 4083 1612 4142 atque
1653 4080 1710 4126 in
1736 4078 1965 4127 scholiis
1992 4079 2424 4142 Aristophaneis

292 4180 404 4214 non
442 4180 572 4214 raro
613 4181 722 4215 vox
760 4158 1061 4237 ἡμιχὸριον.
1139 4166 1211 4217 cf.
1252 4167 1418 4235 Muff
1445 4184 1498 4231 p.
1541 4170 1564 4217 1
1598 4182 1737 4231 sqq.,
1775 4167 2019 4217 Arnoldt
2057 4183 2108 4231 p.
2149 4170 2180 4217 5
2208 4183 2327 4231 sqq.
2367 4173 2423 4216 et

290 4271 344 4320 p.
386 4257 487 4305 180
525 4271 606 4321 sq.
