3225 5192
1643 567 2088 638 ..6ρᾴ

1170 792 1327 833 -vv.
1380 773 1595 834 327-
1602 773 1729 834 335
1779 763 1917 857 ωδή

1112 820 1171 1025 -2
1257 926 1284 956 ‚‚
1379 881 1591 941 336-
1602 879 1761 941 338²
1806 873 2321 959 κατακελεισμός

1257 1032 1283 1063 ,,
1376 988 1618 1048 338b—
1631 987 1757 1047 342
1808 979 2140 1071 ἐπίρρημα

1112 1050 1117 1230 ,
1256 1140 1283 1170 ,,
1376 1095 1589 1155 343-
1598 1094 1719 1155 351
1776 1084 2032 1179 αιεωὸή

1256 1247 1283 1277 ,,
1378 1202 1594 1262 352—
1600 1201 1727 1261 353
1778 1191 2439 1280 ἇντικατακελεισμός

1256 1354 1283 1384 ,,
1376 1308 1725 1369 354—363
1776 1298 2246 1392 ἆντεπίρρηιια

1167 912 1219 1023 —l

928 1427 1107 1492 Sane
1177 1421 1558 1513 epirrhema
1631 1438 1699 1490 et
1767 1427 2267 1511 antepirrhema
2336 1426 2511 1489 inter
2574 1447 2723 1489 sese
2790 1447 2929 1488 non

793 1548 1112 1600 accurate
1161 1535 1598 1620 respondent.
1683 1534 1993 1611 Quarum
2043 1535 2339 1597 omnium
2385 1534 2678 1618 partium
2725 1555 2928 1619 argu-

795 1657 1023 1707 menta
1070 1666 1310 1728 parum
1357 1656 1638 1707 actuosa
1688 1664 1835 1706 esse
1884 1664 2009 1726 per
2056 1664 2126 1705 se
2175 1642 2405 1727 liquet.

929 1750 1223 1815 Simulac
1289 1772 1452 1815 vero
1520 1751 1584 1813 in
1650 1750 1912 1835 parodo
1980 1749 2159 1812 actio
2229 1749 2304 1812 fit
2371 1749 2563 1834 quasi
2626 1746 2928 1810 vivacior

795 1858 935 1921 sive
984 1858 1118 1921 duo
1168 1858 1356 1922 chori
1404 1857 1835 1945 (coryphaei)
1896 1857 2070 1919 inter
2120 1877 2268 1918 sese
2318 1850 2926 1918 contendunt'sive

797 1965 1040 2029 chorus
1119 1986 1272 2028 cum
1348 1963 1783 2028 histrionibus
1863 1964 2261 2027 coniunctus
2338 1961 2534 2026 nobis
2612 1962 2926 2037 occurrit,

795 2083 1049 2135 certam
1098 2072 1656 2156 compositionem
1727 2071 1998 2156 neglegi
2063 2090 2342 2133 necesse
2408 2082 2509 2132 est
2580 2067 2782 2152 (Ach.
2833 2067 2926 2130 III

794 2177 969 2262 Equ.
1005 2189 1148 2241 tota
1180 2178 1501 2263 parodUS‚
1548 2177 1761 2262 Vesp.
1788 2176 1869 2241 11.
1896 2176 1995 2240 IV
2043 2176 2253 2242 Av.1.
2281 2175 2392 2239 ΙΙΙ.
2421 2175 2540 2239 IV.
2588 2174 2926 2263 Lys.B11

793 2284 975 2348 Pluti
1023 2285 1081 2370 Ι)
1147 2297 1351 2370 atque
1412 2272 1768 2350 dumtaxat
1832 2285 1942 2347 lex
2007 2284 2461 2369 responsionis
2524 2283 2756 2346 valere
2803 2303 2928 2367 po-

795 2403 926 2456 test
975 2392 1176 2477 (Ach.
1227 2393 1317 2455 III
1394 2393 1569 2479 Equ.
1621 2393 1700 2456 II.
1748 2392 1840 2456 III
1920 2393 2052 2455 Av.
2104 2391 2249 2475 IV).

836 2574 837 2577 Ἴ
929 2499 1131 2576 Quae
1181 2522 1334 2565 cum
1380 2502 1475 2564 ita
1508 2502 1661 2578 sint,
1711 2500 2104 2564 comoediae
2139 2499 2382 2584 parodi
2414 2497 2920 2583 quodammodo

793 2609 1139 2692 propriam
1202 2619 1269 2672 et
1319 2629 1472 2672 cum
1521 2609 1663 2671 eius
1711 2608 1934 2671 indole
2002 2607 2434 2670 coniunctam
2481 2606 2691 2669 fuisse
2742 2625 2926 2668 com-

792 2716 1197 2800 positionem
1285 2715 1873 2800 epirrhematicam
1963 2713 2248 2777 concedi
2327 2713 2596 2775 minime
2674 2722 2923 2796 potest.

794 2822 1007 2886 Immo
1077 2844 1239 2886 vero
1318 2823 1621 2886 comicae
1699 2821 1939 2906 parodi
2016 2821 2449 2905 partitionem
2526 2820 2926 2904 plerumque

797 2952 971 3015 quae
1047 2931 1114 2993 in
1179 2931 1548 3015 tragoediis
1617 2929 1875 2993 obtinet
1944 2928 2413 3012 compositioni
2480 2926 2925 3011 (episodicae)

796 3037 979 3100 haud
1044 3037 1431 3100 dissimilem
1495 3059 1642 3101 esse
1704 3036 2026 3112 vidimus,
2090 3036 2183 3098 ita
2221 3038 2318 3097 'ut
2381 3034 2584 3097 facile
2648 3035 2716 3097 in
2775 3056 2924 3097 eam

797 3145 1201 3208 sententiam
1286 3146 1686 3209 inducamur
1772 3143 2167 3207 comoediae
2253 3142 2587 3226 parodum
2673 3163 2715 3204 a
2793 3153 2928 3204 tra-

796 3252 1045 3338 goedia
1116 3252 1492 3316 derivatam
1563 3252 1793 3314 fuisse.
1890 3250 2126 3335 Itaque
2194 3250 2379 3334 quod
2445 3270 2928 3334 nonnunquam

801 3380 951 3446 eam
1011 3360 1099 3422 ad
1147 3360 1386 3445 agonis
1447 3359 1553 3422 vel
1599 3357 1952 3443 parabasis
1998 3358 2430 3442 partitionem
2488 3357 2929 3442 (epirrhema-

800 3467 1028 3549 ticam)
1075 3467 1389 3551 proprius
1445 3467 1775 3530 accedere
1826 3466 2233 3541 invenimus,
2306 3464 2374 3528 id
2423 3485 2508 3527 ex
2555 3464 2925 3527 imitatione

799 3575 1058 3638 illarum
1144 3575 1537 3639 comoediae
1623 3575 1917 3659 partium
2004 3573 2269 3636 videtur
2346 3571 2674 3635 effectum
2755 3591 2924 3634 esse.

800 3682 1120 3748 Ceterum
1151 3685 1485 3746 neminem
1519 3705 1667 3746 esse
1716 3695 1882 3767 puto
1930 3683 2046 3767 qui
2078 3695 2283 3768 neget
2315 3689 2591 3766 poetam
2624 3691 2927 3744 nostrum

798 3812 1130 3876 persaepe
1179 3792 1365 3877 leges
1412 3812 1821 3875 normasque
1867 3789 2274 3874 perrupisse.

1070 1340 1217 1344 1
1114 1233 1217 1237 ι

932 3917 1074 3979 Iam
1121 3918 1186 3978 in
1235 3917 1420 3980 calce
1473 3916 1727 3979 addere
1775 3915 2005 4000 placet
2055 3913 2374 3990 tabulam,
2442 3934 2577 3998 qua
2625 3911 2926 3975 omnium

800 4024 1184 4089 fabularum
1247 4024 1487 4109 parodi
1555 4025 1649 4086 ita
1716 4022 1842 4086 sub
1891 4044 2024 4085 uno
2074 4026 2448 4106 conspectu
2512 4021 2926 4095 ordinentur,

801 4145 874 4196 ut
944 4145 1011 4196 et
1081 4132 1492 4217 singularum
1562 4131 1856 4215 partium
1927 4130 2277 4214 responsio
2348 4140 2414 4191 et
2485 4148 2927 4212 personarum

801 4243 1205 4307 mutationes
1254 4252 1321 4304 et
1354 4251 1778 4303 cantatorum
1810 4239 2381 4322 recitatorumque
2418 4250 2731 4299 versuum
2766 4255 2927 4298 con-
