3225 5192
1673 520 2158 625 --20--v

824 775 999 832 cum,
1048 755 1335 818 alterum
1370 775 1643 818 carmen
1678 755 2127 839 compositum
2175 765 2277 818 est
2327 776 2412 819 ex
2445 756 2646 819 variis
2679 757 2957 831 metris3

823 884 999 948 quae
1035 863 1417 926 accuratius
1466 861 1819 926 inlustrare
1853 883 2437 947 supervacaneum
2480 863 2749 926 videtur
2780 884 2955 928 esse.

822 969 1112 1056 Utrique
1160 969 1421 1055 Epopis
1477 969 1835 1034 monodiae
1886 970 2262 1034 succedunt
2310 971 2619 1062 quaterni
2667 971 2957 1034 trimetri

820 1075 1107 1141 iambici.
1224 1077 1402 1140 Tum
1476 1077 1747 1141 demum
1820 1078 2152 1141 exsistunt
2221 1077 2377 1141 inde
2448 1100 2489 1141 a
2561 1098 2762 1140 versu
2819 1082 2954 1144 268

821 1185 1195 1248 tetrametri
1243 1184 1570 1262 trochaici
1623 1183 2002 1248 catalectici
2050 1184 2164 1269 qui
2211 1184 2552 1268 pertinent
2599 1206 2812 1270 usque
2860 1185 2957 1248 ad

819 1314 1085 1355 versum
1136 1294 1349 1374 3261).
1446 1290 1520 1353 In
1566 1290 1875 1354 versibus
1910 1295 2261 1356 327—335
2311 1292 2483 1354 inest
2529 1292 2714 1376 prius
2764 1293 2955 1355 chori

819 1400 1180 1476 canticum,
1230 1400 1416 1485 quod
1463 1399 1767 1464 iambicis
1816 1397 2097 1463 vocibus
2145 1397 2221 1465 ἔα
2253 1397 2327 1464 ἔα
2361 1399 2455 1484 (v,
2486 1402 2638 1482 327)
2688 1401 2953 1464 omissis

817 1527 1031 1591 usque
1093 1506 1184 1570 ad
1232 1527 1499 1569 versum
1549 1510 1676 1571 335
1745 1528 1831 1569 ex
1895 1504 2185 1591 pedibus
2250 1506 2597 1590 paeonicis
2662 1519 2950 1571 constat.

819 1612 1079 1676 Versus
1129 1617 1479 1697 336—342
1546 1625 1702 1677 sunt
1748 1614 2124 1677 tetrametri
2173 1614 2499 1677 trochaici
2548 1613 2949 1678 catalectici.

818 1720 1125 1806 Sequens
1187 1721 1373 1784 chori
1423 1722 1763 1785 canticum
1813 1724 1946 1804 (vv.
1999 1724 2377 1804 343-351)
2441 1743 2595 1785 cum
2643 1721 2951 1785 versibus

820 1832 1167 1893 327—335
1241 1829 1492 1912 optime
1565 1828 1881 1892 concinit.
1983 1826 2234 1891 Iterum
2303 1839 2673 1914 sequuntur
2743 1839 2952 1892 tetra-

816 1935 1010 1997 metri
1059 1935 1389 1999 trochaici
1435 1935 1816 1998 catalectici
1865 1956 2079 2019 usque
2127 1934 2217 1998 ad
2266 1956 2535 1998 versum
2586 1939 2735 2011 386,
2795 1956 2951 1999 cum

816 2041 971 2117 inde
1037 2064 1077 2104 a
1140 2063 1339 2104 versu
1390 2045 1739 2107 387—399
1806 2064 1931 2126 pro
1997 2043 2406 2105 tetrametris
2478 2042 2744 2105 dimetri
2813 2055 2952 2105 tro-

818 2149 1033 2211 chaici
1094 2149 1296 2232 positi
1344 2148 1493 2212 sint.
1545 2188 1632 2194 -—
1677 2147 2172 2213 Vix.videmus
2235 2146 2539 2211 versibus
2590 2152 2945 2215 400—405

816 2267 1116 2343 systema
1164 2257 1675 2340 anapaesticum
1710 2268 2041 2332 exortum,
2090 2276 2244 2319 cum
2292 2278 2331 2318 a
2365 2277 2565 2319 versu
2600 2260 2727 2322 406
2762 2277 2948 2320 com-

816 2364 1061 2447 positio
1088 2362 1376 2428 iambica
1402 2365 1655 2449 incipit.
1707 2364 1937 2441 Quam
1964 2365 2386 2448 interrumpit
2410 2366 2543 2446 (vv.
2566 2369 2865 2429 410-41
2880 2367 2945 2444 5)

817 2482 1116 2559 systema
1166 2473 1520 2549 creticum,
1595 2473 1784 2536 cuius
1833 2492 2064 2536 versus
2115 2476 2243 2538 410
2292 2483 2359 2535 et
2409 2477 2536 2537 413
2587 2473 2948 2536 anacrusin

819 2578 1162 2657 exhibent,
1212 2592 1279 2643 et
1330 2583 1462 2663 (vv.
1517 2582 1894 2662 427—430)
1944 2592 2244 2669 systema
2293 2580 2784 2644 dochmiacum.

951 2703 1153 2767 Nunc
1202 2726 1525 2769 vocamur
1571 2705 1662 2769 ad
1695 2705 2082 2790 Vesparum
2127 2705 2552 2794 Lysistratae
2603 2706 2946 2771 Ecclesia-

815 2834 1127 2876 zusarum
1160 2811 1337 2876 Pluti
1369 2813 1687 2898 parodos‚
1737 2836 2022 2899 quarum
2053 2814 2386 2898 principio
2437 2827 2707 2879 exstant
2740 2826 2948 2878 tetra-

788 2921 1011 2984 .metri
1059 2919 1347 2984 iambici.

951 3045 1027 3109 In
1062 3046 1295 3131 Vesp
1317 3069 1473 3110 aru
1496 3070 1561 3110 m
1607 3047 1872 3133 parodo
1905 3061 2060 3111 sunt
2092 3070 2326 3112 versus
2355 3053 2701 3114 230—247
2740 3060 2945 3113 tetra·
2981 3133 2985 3137 ⁴

790 3155 1009 3217 ‘metri
1075 3152 1340 3217 iambici
1408 3155 1818 3232 catalectici,
1881 3155 1996 3241 qui
2042 3156 2209 3220 fiunt
2258 3178 2298 3218 a
2347 3177 2545 3220 versu
2594 3161 2943 3222 248—272

817 3261 1224 3325 dicatalecti.
1298 3260 1616 3326 Occurrit
1663 3261 1856 3326 nobis
1906 3262 2210 3326 versibus
2244 3267 2590 3329 273—281
2646 3276 2943 3350 systema

818 3390 903 3431 ex
972 3390 1105 3431 uno
1171 3380 1565 3432 tetrametro
1633 3370 1853 3433 ionico
1917 3392 1958 3433 a
2016 3371 2271 3434 minore
2338 3371 2719 3435 acatalecto
2786 3393 2946 3435 ana-

815 3486 1055 3560 paesto
1106 3477 1247 3557 (aut
1295 3475 1514 3538 ionico
1565 3498 1604 3538 a
1652 3477 1908 3540 minore
1960 3477 2390 3560 catalectico)
2437 3479 2841 3563 praemisso,
2908 3499 2943 3541 e

816 3582 1429 3671 dactylo-epitritiS‚
1479 3596 1824 3667 postremo
1876 3604 1913 3648 e
1961 3583 2224 3649 duobus
2273 3586 2574 3650 dimetris
2623 3586 2854 3649 ionicis
2904 3608 2943 3649 a

816 3691 1071 3754 minore
1099 3691 1513 3754 catalecticis
1541 3692 2011 3775 compositum,
2049 3694 2156 3756 cui
2182 3705 2502 3757 accurate
2530 3694 2944 3778 respondent

962 3977 1000 4043 ¹)
1042 3979 1206 4028 Solus
1246 3980 1471 4043 quidem
1511 3996 1705 4029 versus
1746 3983 1847 4031 319
1890 3980 2051 4046 (ποῦ,·
2087 3982 2201 4048 πᾷ;
2237 3981 2353 4037 πῶς
2390 3973 2547 4052 (stiffi)
2604 3982 2835 4031 dissidet
2873 3982 2942 4030 ab

814 4069 920 4117 hac
973 4073 1254 4118 structura
1302 4073 1551 4118 metrica.
1631 4071 1743 4120 Sed
1790 4071 1931 4120 tales
1981 4073 2416 4121 exclamationes
2472 4078 2627 4121 extra
2668 4074 2944 4136 composi-

814 4160 1027 4207 tionem
1067 4161 1358 4207 metricam
1397 4161 1616 4222 positae
1656 4160 1804 4223 apud
1825 4160 2266 4224 Aristophanem
2306 4163 2527 4226 saepius
2566 4163 2942 4210 inveniuntur.

816 4246 888 4297 cf.
930 4249 1154 4297 Richter
1193 4249 1278 4298 ed.
1319 4250 1488 4313 Vesp.
1528 4250 1599 4297 ad
1639 4266 1688 4298 v,
1731 4251 1853 4299 241.
