3225 5192
1138 563 1583 624 ...17—

1107 832 1169 901 C
1201 854 1245 901 a
1274 855 1322 923 p
1356 855 1403 899 u
1432 840 1466 899 t
1529 829 1616 900 II.

713 990 840 1082 De
911 987 1578 1104 oompositione
1646 986 2000 1102 parodi.

423 1186 769 1262 Quoniam
817 1185 1031 1249 altero
1080 1185 1146 1247 in
1180 1184 1405 1270 capite
1438 1183 1680 1268 parodi
1712 1183 1879 1246 fines
1919 1182 2418 1267 descripsimuS‚

288 1314 465 1357 nunc
513 1294 926 1378 inquiramus
975 1291 1191 1378 qualis
1238 1292 1323 1355 sit
1369 1291 1611 1376 parodi
1665 1290 2099 1374 compositi03
2164 1302 2231 1353 et
2279 1312 2428 1372 rem·

289 1401 384 1464 sic
418 1400 842 1464 instituamus
874 1410 948 1462 ut
981 1389 1269 1484 primum
1303 1399 1714 1461 disseramus
1765 1397 1851 1461 de
1886 1409 2125 1473 metro,
2174 1396 2418 1461 deinde

289 1507 373 1571 de
420 1507 748 1592 personiS‚
796 1518 1144 1592 postremo
1192 1506 1279 1569 de
1326 1504 1689 1568 verborum
1738 1515 1995 1568 tenore.

1283 1707 1431 1784 gl.

1054 1840 1059 1843 ·
1137 1827 1253 1892 De
1290 1830 1569 1893 mette.

424 1970 535 2035 Ac
581 1971 871 2056 primum
918 1970 1193 2056 quidem
1241 1980 1733 2054 pertractemus
1799 1990 1914 2032 eas
1975 1967 2282 2046 fabulas,
2353 1969 2420 2031 in

289 2077 530 2163 quibus
601 2078 757 2142 inde
830 2076 917 2141 ab
986 2077 1231 2163 pal-odi
1300 2076 1487 2140 initio
1550 2077 1980 2139 inveniuntur
2047 2075 2420 2138 tetrametri

288 2184 612 2248 trochaici
661 2183 1169 2267 (Acharnenses
1215 2183 1502 2268 Equites
1551 2181 1701 2246 Pax
1750 2181 1988 2264 Aves).

419 2290 1159 2354 Acharnensium
1222 2292 1516 2374 priorem
1580 2289 1824 2374 parodi
1884 2302 2149 2374 partem
2206 2310 2418 2374 usque

289 2398 377 2460 ad
425 2417 691 2459 versum
741 2401 868 2462 240
931 2398 1270 2481 pertinere
1336 2397 1698 2460 manifesto
1766 2397 1987 2459 elucet
2051 2418 2088 2460 e
2135 2398 2419 2460 metrica

286 2517 646 2568 structura.
740 2502 922 2567 Nam
974 2515 1288 2568 constant
1336 2525 1570 2567 versus
1621 2508 1992 2580 204-207‚
2044 2508 2418 2580 219-222,

288 2616 678 2689 234-236,
750 2615 1101 2678 238-240
1174 2633 1257 2674 ex
1330 2611 1740 2675 tetrametris
1810 2611 2169 2674 trochaicis
2237 2623 2422 2672 cata-

285 2718 563 2794 lecticiS‚
620 2739 854 2782 versus
888 2720 1259 2795 210—2l7‚
1310 2723 1660 2783 225—232
1711 2740 1747 2780 e
1794 2716 2086 2802 pedibus
2129 2716 2417 2780 creticiS.
2478 2726 2484 2733 '

289 2825 818 2890 Accuratissime
923 2826 1127 2910 igitur
1229 2825 1644 2910 respondent
1737 2845 1970 2887 versus
2066 2827 2416 2888 219—222

287 2931 591 2996 versibus
635 2937 982 2999 204—207
1034 2954 1269 2995 versus
1304 2935 1654 2996 225—232
1705 2929 2009 2994 versibus
2044 2934 2415 2996 210—217.

287 3037 642 3103 Postremo
690 3051 909 3104 totum
954 3040 1086 3104 hoc
1136 3049 1434 3124 systema
1485 3038 1832 3121 excipiunt
1879 3059 2002 3101 sex
2045 3039 2419 3101 tetrametri

286 3147 614 3210 trochaici
681 3148 814 3229 (vv.
867 3148 1243 3228 234-240)
1311 3147 1520 3209 semel
1586 3157 1847 3209 tantum
1913 3145 2419 3231 Dicaeopolidis

287 3255 376 3336 (v.
429 3254 584 3334 237)
650 3252 872 3315 verbis
935 3253 1310 3337 interrupti.
1407 3251 1727 3337 Sequitur
1787 3275 1828 3316 a
1875 3275 2075 3316 versu
2124 3258 2244 3318 241
2300 3252 2422 3315 Di-

285 3357 704 3444 caeopolidis
773 3357 1026 3421 libatio.
1120 3358 1419 3422 Metrum
1490 3372 1594 3422 est
1665 3371 1963 3445 systema
2035 3359 2415 3424 iambicum.

285 3466 514 3530 Versu
563 3469 692 3531 280
754 3465 1047 3550 denique
1095 3478 1384 3530 metrum
1443 3468 2128 3531 trochaeo-creticum
2176 3468 2417 3552 prioris
2484 3525 2486 3527 ,

283 3574 498 3658 partis
563 3573 911 3656 proprium
989 3573 1213 3636 denuo
1292 3555 1570 3637 exsistit.
1675 3573 2016 3637 Versuum
2066 3578 2415 3640 280—283

285 3680 424 3743 duo
493 3680 754 3764 priores
819 3691 974 3742 sunt
1037 3680 1302 3743 dimetri
1374 3682 1729 3758 trochaici,
1802 3681 1937 3745 duo
2006 3683 2418 3766 posteriores

285 3786 556 3849 dimetri
626 3786 875 3850 cretici.
976 3784 1366 3850 Proximam
1436 3799 1701 3872 partem
1771 3810 2006 3852 versus
2065 3793 2409 3855 284-301

285 3893 647 3978 complecti
713 3894 914 3958 facile
981 3894 1449 3981 intellegimus.
1545 3893 1728 3958 Nam
1777 3916 1930 3959 cum
1976 3896 2417 3981 Dicaeopolis

285 4002 696 4064 tetrametris
760 4001 1122 4065 trochaicis
1186 4015 1446 4080 utatur,
1519 4004 1765 4067 chorus
1831 4027 1965 4068 uno
2015 4027 2216 4068 versu
2266 4010 2416 4081 285,

284 4129 464 4193 quae
515 4120 616 4171 est
665 4111 1084 4194 pentapodia
1132 4114 1591 4196 anapaestica,
1642 4124 1934 4197 excepto
1983 4126 2413 4176 tetrametros

287 4214 577 4280 creticos
625 4215 921 4280 exhibet.
1014 4216 1280 4282 Deinde
1333 4242 1575 4287 versus
1600 4226 1952 4287 302-—334
2002 4233 2155 4285 sunt
2207 4233 2414 4285 tetra·
2499 4236 2510 4253 “

2030 4348 2062 4399 2
