3225 5192
1706 516 2151 579 --18--

854 708 1051 771 metri
1075 708 1423 772 trochaici.
1466 707 1727 772 Versus
1745 711 2093 774 335—346
2121 728 2276 771 cum
2300 706 2605 772 versibus
2628 712 2984 775 284-301

853 816 1292 878 vehementer
1339 826 1743 901 congruunt.

987 937 1563 1023 Simplicissimam
1611 950 2017 1003 structuram
2064 940 2416 1003 metricam
2460 938 2794 1026 praebent
2840 941 2988 1004 sine

852 1043 1061 1108 dubio
1130 1045 1524 1131 Equites.
1620 1045 1786 1109 Inde
1858 1046 2033 1109 enim
2106 1068 2147 1108 a
2216 1067 2416 1109 versu
2465 1051 2815 1113 242—283
2890 1049 2992 1110 in-

853 1152 1212 1215 veniuntur
1244 1153 1620 1216 tetrametri
1652 1153 1979 1217 trochaici
2024 1153 2425 1230 catalectici,
2473 1155 2588 1239 qui
2621 1175 2818 1218 versu
2854 1159 2987 1220 284

851 1271 1200 1324 transeunt
1250 1261 1317 1323 in
1368 1259 1690 1324 dimetros
1738 1260 2145 1324 trochaiCOS.

985 1384 1065 1446 In
1111 1383 1366 1448 Pacis
1414 1384 1681 1470 parodo
1726 1385 1914 1469 prior
1958 1406 2119 1470 pars
2151 1406 2386 1448 versus
2416 1389 2766 1451 299—345
2800 1405 2987 1450 com-

848 1492 1187 1578 plectitur.
1281 1491 1541 1556 Versus
1593 1493 1772 1556 enim
1824 1495 2174 1559 299—336
2224 1505 2379 1556 sunt
2429 1493 2800 1556 tetrametri
2846 1506 2987 1556 tro-

851 1600 1066 1664 chaici
1116 1601 1533 1675 catalectici3
1601 1599 1752 1663 finis
1798 1600 1997 1663 huius
2045 1600 2259 1685 partis
2321 1611 2424 1663 est
2470 1622 2757 1685 parvum
2802 1599 2986 1689 Try-

846 1708 1006 1794 gaei
1052 1706 1392 1771 canticum
1454 1708 1917 1784 trochaicum,
1984 1708 2174 1771 cuius
2238 1707 2375 1770 duo
2439 1707 2700 1791 priores
2749 1729 2982 1772 versus

847 1827 916 1879 et
981 1797 1108 1901 ipsi
1177 1816 1553 1880 tetrametri
1622 1827 1798 1879 sunt.
1895 1814 2139 1900 Incipit
2206 1815 2420 1878 altera
2483 1836 2645 1900 pars
2705 1837 2745 1879 a
2793 1816 2982 1878 chori

847 1924 1151 2000 cantico,
1230 1923 1415 2008 quod
1486 1944 1523 1986 e
1598 1922 2010 1987 tetrametris
2088 1921 2451 1986 trochaicis
2530 1943 2613 1985 ac
2689 1920 2981 2007 pedibus

848 2032 1115 2095 creticis
1165 2031 1616 2116 compositum
1665 2041 1767 2094 est
1816 2032 1951 2113 (vv.
1989 2031 2388 2111 346—360).
2482 2028 2647 2093 Inde
2696 2051 2738 2092 a
2784 2050 2981 2092 versu

849 2143 969 2203 361
1025 2138 1112 2201 ad
1163 2160 1431 2201 versum
1481 2142 1607 2204 382
1660 2138 1835 2201 inter
1883 2158 2032 2201 sese
2094 2137 2571 2222 colloquuntur
2616 2137 2979 2224 Trygaeus

847 2257 915 2308 et
947 2245 1329 2309 Mercurius
1377 2246 1694 2309 trimetris
1745 2243 2070 2309 iambiciS.
2144 2243 2385 2308 Subito
2434 2266 2635 2308 versu
2669 2249 2795 2310 383
2837 2266 2980 2307 mu·-

848 2363 1076 2416 tantur
1135 2352 1417 2415 trimetri
1479 2350 1755 2416 iambici
1819 2353 1885 2415 in
1946 2363 2382 2416 tetrametros
2440 2352 2843 2416 trochaicos.
2892 2390 2980 2399 —-

847 2459 1105 2522 Versus
1155 2464 1506 2525 385—399
1553 2461 1756 2546 plane
1808 2461 2225 2545 respondent
2275 2459 2579 2525 versibus
2630 2464 2977 2527 346—360

849 2590 1046 2632 versu
1094 2568 1369 2653 quidem
1420 2572 1547 2634 390
1597 2580 1895 2654 excepto
1919 2572 2005 2651 ¹);
2067 2591 2301 2633 versus
2352 2573 2704 2635 400-425
2753 2590 2977 2632 rursus

847 2688 1002 2739 sunt
1048 2676 1330 2738 trimetri
1383 2674 1676 2740 iambici.
1771 2675 1882 2739 Ex
1931 2664 2295 2761 improviso
2365 2688 2718 2740 vertuntur
2781 2698 2977 2740 versu

849 2788 975 2848 426
1055 2784 1295 2846 iterum
1383 2783 1666 2847 trimetri
1752 2783 2054 2850 iambici.
2115 2785 2182 2846 in
2261 2795 2690 2848 tetrametros
2710 2786 2757 2866 2)
2846 2796 2978 2846 tro-

849 2890 1145 2954 chaicos.
1225 2889 1392 2953 Inde
1442 2913 1482 2952 a
1531 2912 1733 2954 versu
1768 2895 1893 2956 431
1946 2891 2204 2954 initium
2255 2892 2439 2976 capit
2486 2890 2743 2968 libatio,
2793 2892 2976 2956 cuius

849 3008 1135 3060 metrum
1202 3009 1304 3060 est
1374 2998 1676 3061 trimeter
1740 2997 2090 3061 iambicuS.
2185 2997 2589 3062 Incisionem
2656 2997 2976 3084 aliquanti

848 3104 1168 3167 momenti
1217 3126 1414 3167 versu
1464 3109 1591 3170 459
1642 3117 1909 3169 exstare
1961 3106 2320 3190 perspicue
2371 3107 2565 3170 metri
2605 3107 2974 3169 mutatione

993 3375 1031 3439 ¹)
1072 3376 1165 3424 Ad
1192 3391 1414 3425 versum
1445 3378 1547 3426 390
1586 3376 1860 3425 adnotant
1887 3377 2150 3445 Dz'ndors
2177 3378 2347 3426 haec:
2390 3376 2565 3442 ‘Haec
2594 3377 2975 3440 supplementa

848 3469 981 3514 sunt·
1035 3467 1356 3530 excogitata
1396 3480 1428 3514 a
1477 3468 1878 3529 grammatico,
1937 3482 2107 3529 quum
2166 3467 2335 3515 verba
2389 3471 2591 3530 poetae
2643 3466 2976 3514 excidissent

848 3538 1309 3618 quae'quattuor
1368 3557 1707 3604 ereticorum
1765 3571 2082 3604 mensuram
2135 3557 2445 3619 explevisse
2506 3571 2573 3604 ex
2622 3556 2852 3618 stropha
2901 3557 2975 3602 in-

847 3645 1167 3709 tellegitur’.
1244 3647 1524 3694 Meineke:
1574 3646 1782 3711 ‘Locus
1834 3647 2031 3694 malam
2082 3649 2579 3713 grammaticorum
2619 3646 2976 3695 sedulitatem

850 3735 1147 3797 expertus’.

994 3838 1033 3905 2)
1073 3841 1161 3890 De
1201 3843 1287 3891 his
1327 3844 1673 3891 tetrametris
1713 3843 1978 3891 Zielinski
2012 3844 2506 3892 commentationis
2545 3857 2679 3892 suae
2719 3857 2844 3906 pag.
2878 3843 2974 3891 138

850 3932 1089 3995 explicat
1110 3933 1278 3980 haec:
1313 3933 1438 3997 ‘Die
1463 3933 1837 3993 'Petrameter,
1861 3932 1948 3980 die
1973 3935 2153 3981 einem
2176 3933 2645 3982 Katakeleusmos
2666 3930 2975 3980 tiiuschend

848 4021 1071 4069 {ihnlich
1121 4022 1318 4081 seben,
1375 4022 1558 4069 lassen
1612 4037 1714 4070 uns
1770 4024 1858 4070 ein
1911 4022 2238 4085 Epirrhema
2291 4026 2594 4081 erwarten3
2655 4036 2715 4069 es
2762 4021 2975 4067 kommt

847 4111 982 4160 aber
1021 4111 1173 4160 bloss
1214 4111 1301 4160 die
1344 4111 1467 4160 Ode
1510 4112 1621 4176 (vV.
1650 4112 1972 4176 385—399)‚
2013 4111 2101 4160 die
2143 4114 2244 4161 mit
2285 4111 2381 4160 der
2422 4111 2546 4161 Ode
2588 4111 2687 4159 der
2725 4109 2974 4159 Parodos

842 4201 1288 4266 antistrophisch
1328 4201 1846 4267 zusammenhangt‚
1888 4202 2037 4251 ohne
2078 4201 2226 4252 doch
2257 4201 2346 4252 die
2376 4200 2604 4251 Antode
2644 4215 2711 4250 zu
2750 4198 2973 4250 bilden‘.
