3225 5192
1157 548 1605 610 -37-

306 743 705 832 ingreditur.
779 741 1226 807 Antecedunt
1273 743 1409 807 duo
1459 742 1833 806 tetrametri
1879 742 2150 808 iambici
2196 742 2440 829 quibus

305 874 478 917 unus
549 851 826 937 quidam
896 872 981 914 ex
1054 851 1261 914 choro
1339 849 1702 935 impellitur
1779 863 1852 914 ut
1924 850 2207 915 celerius
2283 872 2441 937 pro-

305 959 674 1048 grediatur.
801 957 1091 1023 Cantico
1172 957 1311 1042 (vv.
1385 959 1765 1040 256-265)
1846 980 2080 1021 senum
2159 959 2439 1023 chorum

305 1068 641 1156 indignari
676 1067 983 1131 videmus
1015 1065 1369 1129 mulierum
1401 1063 1778 1129 audaciam.
1831 1063 2098 1129 Idcirco
2133 1065 2439 1129 versibus

306 1179 659 1242 266—270
680 1174 905 1238 denuo
932 1172 1340 1237 tetrametris
1365 1170 1670 1236 iambicis
1696 1171 1964 1235 sodales
1989 1172 2440 1236 admonentur

304 1296 378 1347 ut
427 1282 739 1346 mulieres
787 1302 991 1367 quam
1040 1280 1388 1345 celerrime
1454 1280 1640 1343 ferro
1704 1280 1979 1366 ignique
2029 1281 2435 1366 opprimant.

305 1389 565 1475 Magna
637 1408 807 1452 voce
882 1388 1127 1451 chorus
1194 1388 1404 1451 iactat
1472 1387 1674 1450 etiam
1742 1386 2184 1452 Cleomenem
2253 1387 2438 1455 urbis

305 1517 534 1561 arcem
582 1517 922 1581 occupare
989 1516 1227 1558 ausum
1289 1494 1444 1558 inde
1508 1516 1629 1557 sua
1679 1495 1977 1580 ipsorum
2025 1496 2272 1559 virtute
2320 1496 2440 1560 de-

302 1605 570 1690 pulsum
603 1625 771 1667 esse.
822 1601 1062 1688 Itaque
1097 1602 1204 1666 ille
1241 1602 1612 1666 certissime
1638 1614 1868 1687 sperat
1893 1606 2027 1686 (VV.
2058 1607 2435 1689 281—285)

304 1732 453 1776 sese
502 1711 705 1775 etiam
753 1733 794 1774 a
841 1708 1228 1773 mulieribus
1276 1708 1464 1773 brevi
1499 1721 1805 1793 tempore
1839 1710 2256 1794 superiorem
2303 1711 2438 1775 dis-

303 1839 649 1882 cessurum
730 1838 899 1881 esse.
1014 1815 1283 1893 Quibus
1358 1816 1445 1880 de
1521 1816 1801 1902 singulis
1889 1816 2196 1900 partibus
2272 1820 2434 1883 satis

304 1937 573 1990 constat
620 1925 793 1988 inter
839 1925 1018 1987 viros
1082 1923 1361 2001 doctOS‚
1428 1925 1543 2009 qui
1591 1924 1969 1988 novissimis
2019 1924 2434 2010 temporibus

302 2035 479 2098 hanc
512 2055 654 2097 rem
686 2034 752 2096 in
787 2033 1254 2119 quaestionem
1291 2043 1728 2109 vocaverunt,
1762 2044 2213 2108 tetrametrOS‚
2249 2033 2435 2118 quod

303 2142 557 2227 optime
606 2140 901 2204 concinit
949 2160 1103 2203 cum
1151 2151 1381 2204 nostra
1428 2140 1712 2217 ratione,
1761 2162 1895 2204 non
1945 2162 1984 2203 a
2033 2141 2262 2216 chor0‚
2312 2140 2434 2204 sed

304 2248 391 2312 ab
441 2271 574 2312 una
620 2269 913 2334 persona
963 2248 1096 2312 dici
1143 2269 1344 2332 posse
1368 2250 1436 2331 1).

434 2373 657 2437 Recte
707 2384 937 2436 autem
980 2371 1417 2435 Zz'elz‘nskz'um
1465 2384 1634 2457 puto
1684 2373 1948 2459 longius
1996 2396 2433 2461 progressum

302 2502 470 2544 esse.
565 2480 811 2566 Neque
880 2480 1058 2543 enim
1126 2490 1228 2543 est
1288 2478 1652 2543 obscurum
1716 2501 1891 2566 quae
1957 2482 2224 2545 cantica
2274 2503 2434 2546 con-

301 2589 515 2652 tinent
593 2589 1006 2651 tetrametris
1083 2587 1208 2651 illis
1285 2588 1592 2672 produci.
1710 2587 1973 2653 Versus
2052 2593 2431 2655 256—270

300 2696 512 2759 multo
562 2695 778 2781 magis
826 2707 1141 2780 spectant
1189 2695 1278 2758 ad
1326 2717 1470 2759 rem
1517 2696 1764 2780 ipsam,
1830 2717 1985 2759 cum
2031 2697 2098 2759 in
2147 2717 2434 2781 sequen-

302 2801 478 2866 tibus
527 2802 834 2866 versibus
900 2803 1191 2866 maxime
1258 2814 1502 2889 agatur
1570 2803 1657 2866 de
1709 2802 2074 2867 Cleomene
2125 2802 2430 2888 depulso.

300 2911 377 2974 ld
444 2911 627 2995 quod
695 2909 868 2974 bene
936 2911 1355 2996 significatur
1420 2932 1702 2974 numero
1772 2911 2013 2996 plurali
2076 2912 2142 2974 in
2208 2911 2430 2995 priore

299 3030 493 3103 parte
569 3017 873 3081 adhibito
921 3030 993 3081 ut
1074 3016 1441 3102 ἐβόσκομεν,
1509 3015 1912 3103 σπεύσωμεν,
1983 3015 2430 3106 ἐμπρήσωμεν,

301 3125 513 3189 altera
580 3126 645 3189 in
693 3138 888 3210 parte
938 3147 1217 3189 numero
1267 3124 1589 3211 singulari
1636 3136 1747 3188 ut:
1817 3124 1989 3208 ἐμοῦ,
2059 3122 2221 3209 ἐμοί,
2289 3122 2429 3211 ἐγώ,

300 3231 762 3321 ἐπολιόρκησα,
830 3231 953 3319 ἐγώ
1001 3230 1236 3322 σχήσω.
1330 3231 1579 3296 Nonne
1637 3234 1842 3318 igitur
1887 3240 2094 3317 poeta
2142 3233 2287 3318 ipse
2337 3233 2434 3295 in-

300 3340 530 3404 dicare
596 3341 864 3404 videtur
930 3340 1100 3403 velle
1179 3361 1412 3403 versus
1479 3344 1830 3405 256—265
1908 3361 2062 3403 cum
2127 3338 2432 3402 versibus

302 3453 689 3524 266-270,
762 3469 995 3511 versus
1068 3452 1418 3512 271—280
1487 3468 1639 3511 cum
1706 3446 2011 3511 versibus
2079 3450 2428 3512 281—285

301 3556 654 3641 copulatos
718 3568 784 3619 et
834 3576 1132 3619 conexos
1192 3553 1384 3618 esse?
1478 3554 1717 3640 Itaque
1763 3576 2161 3641 persuasum
2206 3552 2430 3617 habeo

300 3685 433 3726 non
480 3662 703 3726 solum
752 3663 1017 3726 cantica
1084 3663 1257 3725 inter
1322 3674 1684 3747 utrumque
1749 3662 2242 3738 hemichorum‚
2308 3659 2430 3725 sed

302 3771 505 3834 etiam
554 3781 985 3834 tetrametros
1049 3770 1223 3832 inter
1269 3781 1631 3854 utrumque
1682 3770 1869 3834 chori
1917 3769 2162 3833 ducem
2211 3769 2432 3833 distri-

299 3877 572 3942 buenda
606 3899 772 3944 esse.
840 3876 1244 3942 Pronuntiat
1291 3877 1469 3939 enim
1517 3898 1751 3940 versus
1786 3880 2137 3942 256—265
2188 3876 2430 3940 dexter

443 4142 482 4208 ¹)
524 4143 594 4195 cf.
637 4144 802 4211 Muff
830 4160 882 4208 p.
923 4146 1017 4206 41,
1074 4142 1319 4193 Arnoldt
1354 4158 1407 4208 p.
1447 4145 1516 4194 80
1555 4158 1700 4226 sqq„
1756 4145 2009 4209 Droysen
2060 4144 2117 4191 in
2168 4143 2427 4191 versione

294 4235 636 4300 germanica.
