3225 5192
1660 550 2112 615 ..2ss-

955 745 1356 813 Ceterarum
1390 743 1776 813 fabularum
1799 747 2146 834 proprium
2173 759 2275 812 est
2298 747 2540 835 parodi
2563 746 2820 812 initium
2846 769 2968 813 re-

821 856 1011 920 citari
1046 855 1133 920 ab
1159 850 1615 934 histrionibuS‚
1648 855 1738 921 ad
1758 877 1930 943 quos
1950 878 2083 920 non
2105 856 2316 921 multo
2335 869 2491 942 post
2514 858 2759 922 chorus
2783 858 2962 922 adit.

951 980 1030 1044 In
1087 980 1586 1068 Equitibus
1653 994 2016 1067 postquam
2077 1003 2311 1046 servus
2371 980 2440 1045 A
2502 981 2712 1047 verba
2781 983 2965 1047 fecit

821 1090 955 1171 (vv.
1009 1093 1410 1175 242—246)‚
1459 1092 1705 1155 chorus
1755 1111 1989 1154 versus
2038 1095 2389 1156 247—254
2438 1091 2700 1155 recitat.
2781 1090 2960 1156 Inde

819 1220 861 1261 a
907 1220 1107 1261 versu
1159 1203 1286 1264 255
1336 1200 1635 1263 exoritur
1698 1197 2076 1262 diverbium
2136 1199 2310 1262 inter
2358 1199 2638 1265 chorum
2684 1220 2768 1263 ac
2816 1198 2963 1263 Pa-

819 1306 1266 1392 phlagonem‚
1330 1318 1568 1370 contra
1632 1329 1671 1369 a
1721 1328 1919 1370 versu
1970 1310 2097 1372 278
2160 1326 2373 1390 usque
2433 1306 2523 1369 ad
2568 1306 2771 1370 finem
2817 1306 2961 1370 Pa-

820 1413 1075 1499 phlago
1142 1424 1209 1476 et
1281 1412 1754 1499 Allantopoles
1826 1413 2164 1495 (versibus
2227 1425 2455 1477 autem
2516 1418 2644 1480 282
2703 1425 2772 1477 et
2820 1419 2957 1480 283

822 1519 1065 1606 quibus
1131 1542 1365 1584 servus
1413 1518 1479 1583 A
1526 1520 1674 1584 illos
1724 1521 2146 1606 interrumpit
2207 1521 2493 1603 omissis)
2556 1521 2680 1585 soli
2727 1521 2959 1585 verbis

819 1639 1114 1691 utuntur.

953 1734 1348 1799 Nubium
1414 1736 1725 1800 condicio
1786 1736 2153 1821 peculiaris
2201 1748 2324 1799 est.
2418 1734 2599 1799 Nam
2650 1735 2958 1800 Socratis

821 1856 889 1907 et
949 1842 1361 1929 Strepsiadis
1432 1865 1777 1907 sermones
1848 1843 2107 1907 medios
2178 1844 2610 1928 intercipiunt
2676 1865 2761 1907 ex
2831 1845 2958 1906 im-

819 1952 1091 2035 proviso
1127 1964 1411 2037 utraque
1439 1950 1741 2014 Nubium
1775 1952 2061 2029 cantica,
2110 1972 2518 2038 quamquam
2554 1952 2728 2015 deae
2761 1953 2954 2036 ipsae

821 2070 963 2121 tum
1027 2058 1294 2121 minime
1364 2059 1774 2142 conspicuae
1838 2070 2013 2123 sunt.
2109 2057 2410 2122 Primum
2470 2081 2511 2122 a
2574 2080 2774 2123 versu
2823 2064 2956 2124 320

819 2165 1144 2250 paulatim
1192 2167 1609 2229 orchestram
1658 2166 2144 2253 ingrediuntur.

953 2291 1177 2354 Etiam
1227 2281 1456 2355 Ax'res
1503 2291 1840 2377 praebent
1888 2293 2299 2378 singularem
2346 2293 2585 2379 parodi
2629 2293 2954 2378 speciem.

822 2399 1067 2486 Neque
1129 2402 1305 2464 enim
1365 2403 1494 2465 hac
1558 2402 1622 2465 in
1672 2401 1935 2487 parodo
1987 2403 2232 2466 chorus
2282 2403 2700 2466 orchestram
2747 2403 2956 2465 intrat

821 2508 1190 2584 universuS,
1240 2509 1362 2572 sed
1409 2509 1653 2594 singuli
1698 2510 2062 2572 Choreutae
2099 2509 2444 2595 deincepS‚
2492 2509 2653 2572 dum
2686 2507 2956 2571 Pisthe·-

820 2626 1046 2679 taerus
1111 2616 1482 2700 Euelpides
1539 2615 1779 2700 Epops
1842 2638 2220 2680 sermonem
2282 2617 2679 2691 conferunt3
2750 2637 2954 2679 versu

823 2727 951 2787 310
1014 2734 1195 2786 totus
1257 2724 1503 2787 chorus
1566 2725 1984 2787 orchestram
2034 2724 2417 2809 occupavit.
2513 2722 2715 2787 Brevi
2764 2723 2953 2808 quod

821 2831 1124 2915 sequitur
1171 2829 1476 2894 diverbio
1526 2831 1702 2894 inter
1749 2832 2025 2895 chorum
2092 2842 2160 2894 et
2206 2831 2524 2916 Epopem
2571 2852 2771 2895 versu
2819 2834 2948 2895 326

820 2937 1008 3001 finito
1061 2959 1208 3001 sese
1257 2939 1604 3023 applicant
1653 2939 1789 3003 duo
1839 2940 2028 3003 chori
2077 2939 2343 3003 cantica
2377 2960 2660 3023 quorum
2698 2950 2953 3000 utrum-

830 3066 963 3131 que
1015 3045 1318 3109 diverbia
1368 3046 1541 3109 inter
1587 3045 2086 3110 Pisthetaerum
2150 3058 2216 3109 et
2263 3045 2671 3130 Euelpidem
2718 3043 2951 3108 habita

822 3146 1188 3237 excipiunt.
1284 3152 1447 3217 Inde
1511 3175 1551 3216 a
1616 3175 1814 3216 versu
1864 3158 1991 3219 364
2054 3153 2312 3216 initium
2378 3152 2641 3215 faciunt
2706 3152 2949 3214 chorus

821 3271 889 3323 et
920 3259 1159 3345 Epops
1207 3259 1515 3335 diverbii‚
1565 3261 1753 3324 cuius
1802 3261 2020 3323 exitus
2054 3272 2156 3323 est
2192 3280 2423 3322 versus
2458 3263 2606 3324 385.
2675 3255 2947 3321 Parodo

821 3386 1112 3451 exeunte
1180 3369 1605 3454 reperiuntur
1671 3368 2045 3432 amoebaea
2107 3370 2398 3453 primum
2458 3368 2632 3430 inter
2689 3365 2947 3429 Pisthe·

821 3488 1082 3540 taerum
1153 3489 1219 3541 et
1290 3459 1696 3561 Euelpidem
1768 3476 1906 3561 (vv.
1971 3476 2384 3556 386-399)‚
2459 3473 2703 3538 deinde
2776 3474 2950 3536 inter

820 3586 1100 3648 chorum
1149 3595 1216 3648 et
1264 3584 1578 3668 Epopem
1631 3586 1764 3667 (vv.
1815 3585 2215 3665 400—434).

953 3692 1027 3754 In
1058 3690 1286 3755 Pace
1330 3704 1692 3777 postquam
1728 3713 1923 3755 versu
1954 3695 2074 3755 301
2116 3691 2205 3754 ad
2229 3690 2629 3776 Trygaeum
2662 3689 2949 3753 accessit

822 3800 1101 3876 choruS,
1165 3821 1299 3862 non
1362 3799 1570 3863 multo
1634 3811 1789 3883 post
1850 3800 2023 3876 inter
2092 3800 2371 3862 chorum
2435 3810 2503 3860 et
2549 3796 2948 3884 Trygaeum

822 3905 1198 3970 diverbium
1246 3907 1564 3970 exoritur.
1647 3905 2038 3971 Succedunt
2080 3907 2216 3970 duo
2267 3904 2454 3969 chori
2487 3904 2754 3968 cantica
2788 3923 2947 3987 quo-

820 4036 968 4076 rum
1014 4025 1373 4099 utrumque
1423 4013 1854 4098 subsequitur
1902 4013 2278 4077 diverbium
2308 4012 2618 4101 Trygaei
2667 4023 2735 4075 et
2765 4010 2949 4073 Mer-

822 4121 986 4186 curii
1012 4121 1125 4205 qui
1154 4142 1349 4184 versu
1378 4126 1504 4186 362
1538 4142 1856 4184 scaenam
1882 4122 2224 4207 ingressus
2250 4132 2352 4184 est
2386 4122 2521 4201 (vv.
2543 4118 2945 4202 346-425).

820 4226 1184 4291 Libatione
1229 4227 1547 4292 confecta
1582 4230 1670 4311 (v,
1701 4230 1855 4312 458)
1889 4227 2271 4291 Mercurius
2306 4228 2551 4290 chorus
2584 4225 2946 4311 Trygaeus
