<?xml version="1.0" encoding="UTF-8"?>
<!DOCTYPE html PUBLIC "-//W3C//DTD XHTML 1.0 Transitional//EN"
    "http://www.w3.org/TR/xhtml1/DTD/xhtml1-transitional.dtd">
<html xmlns="http://www.w3.org/1999/xhtml" xml:lang="en" lang="en">
 <head>
  <title>
</title>
<meta http-equiv="Content-Type" content="text/html;charset=utf-8" />
  <meta name='ocr-system' content='tesseract 3.04.00' />
  <meta name='ocr-capabilities' content='ocr_page ocr_carea ocr_par ocr_line ocrx_word'/>
</head>
<body>
  <div class='ocr_page' id='page_1' title='image "./quaestionesdepa00rosegoog_0009.png"; bbox 0 0 3225 5192; ppageno 0'>
   <div class='ocr_carea' id='block_1_1' title="bbox 990 1432 1786 1552">
    <p class='ocr_par' dir='ltr' id='par_1_1' title="bbox 990 1432 1786 1552">
     <span class='ocr_line' id='line_1_1' title="bbox 990 1432 1786 1552; baseline -0.003 0"><span class='ocrx_word' id='word_1_1' title='bbox 990 1432 1786 1552; x_wconf 74' lang='lat' dir='ltr'>Prooemium.</span> 
     </span>
    </p>
   </div>
   <div class='ocr_carea' id='block_1_2' title="bbox 449 1649 2445 1736">
    <p class='ocr_par' dir='ltr' id='par_1_2' title="bbox 449 1649 2445 1736">
     <span class='ocr_line' id='line_1_2' title="bbox 449 1649 2445 1736; baseline -0.003 -20"><span class='ocrx_word' id='word_1_2' title='bbox 449 1651 865 1716; x_wconf 89' lang='lat' dir='ltr'>Comoediae</span> <span class='ocrx_word' id='word_1_3' title='bbox 931 1651 1435 1736; x_wconf 81' lang='lat' dir='ltr'>antiquissimae</span> <span class='ocrx_word' id='word_1_4' title='bbox 1498 1649 1813 1714; x_wconf 83' lang='lat' dir='ltr'>Graecae</span> <span class='ocrx_word' id='word_1_5' title='bbox 1886 1649 2445 1734; x_wconf 84' lang='lat' dir='ltr'>compositionem</span> 
     </span>
    </p>
   </div>
   <div class='ocr_carea' id='block_1_3' title="bbox 212 1756 2446 1844">
    <p class='ocr_par' dir='ltr' id='par_1_3' title="bbox 212 1756 2446 1844">
     <span class='ocr_line' id='line_1_3' title="bbox 212 1756 2446 1844; baseline -0.002 -22"><span class='ocrx_word' id='word_1_6' title='bbox 212 1781 215 1785; x_wconf 71' lang='grc'>’</span> <span class='ocrx_word' id='word_1_7' title='bbox 313 1760 599 1823; x_wconf 90' lang='lat' dir='ltr'>eandem</span> <span class='ocrx_word' id='word_1_8' title='bbox 626 1781 774 1822; x_wconf 93' lang='lat' dir='ltr'>esse</span> <span class='ocrx_word' id='word_1_9' title='bbox 799 1770 1004 1844; x_wconf 89' lang='lat' dir='ltr'>atque</span> <span class='ocrx_word' id='word_1_10' title='bbox 1032 1757 1426 1843; x_wconf 83' lang='lat' dir='ltr'>tragoediae</span> <span class='ocrx_word' id='word_1_11' title='bbox 1461 1779 1676 1842; x_wconf 92' lang='lat' dir='ltr'>usque</span> <span class='ocrx_word' id='word_1_12' title='bbox 1704 1756 1795 1820; x_wconf 91' lang='lat' dir='ltr'>ad</span> <span class='ocrx_word' id='word_1_13' title='bbox 1820 1768 2122 1819; x_wconf 87' lang='lat' dir='ltr'>nostram</span> <span class='ocrx_word' id='word_1_14' title='bbox 2151 1768 2446 1820; x_wconf 89' lang='lat' dir='ltr'>aetatem</span> 
     </span>
    </p>
   </div>
   <div class='ocr_carea' id='block_1_4' title="bbox 228 1863 2448 3235">
    <p class='ocr_par' dir='ltr' id='par_1_4' title="bbox 228 1863 2448 3235">
     <span class='ocr_line' id='line_1_4' title="bbox 313 1863 2447 1949; baseline -0.001 -21"><span class='ocrx_word' id='word_1_15' title='bbox 313 1889 545 1929; x_wconf 89' lang='lat' dir='ltr'>omnes</span> <span class='ocrx_word' id='word_1_16' title='bbox 592 1865 740 1929; x_wconf 79' lang='lat' dir='ltr'>fere</span> <span class='ocrx_word' id='word_1_17' title='bbox 775 1867 898 1928; x_wconf 85' lang='lat' dir='ltr'>viri</span> <span class='ocrx_word' id='word_1_18' title='bbox 932 1866 1118 1929; x_wconf 91' lang='lat' dir='ltr'>docti</span> <span class='ocrx_word' id='word_1_19' title='bbox 1152 1864 1642 1928; x_wconf 87' lang='lat' dir='ltr'>iudicaverunt.</span> <span class='ocrx_word' id='word_1_20' title='bbox 1736 1863 1984 1949; x_wconf 89' lang='lat' dir='ltr'>Neque</span> <span class='ocrx_word' id='word_1_21' title='bbox 2033 1875 2135 1927; x_wconf 91' lang='lat' dir='ltr'>est</span> <span class='ocrx_word' id='word_1_22' title='bbox 2168 1863 2447 1927; x_wconf 91' lang='lat' dir='ltr'>dubium</span> 
     </span>
     <span class='ocr_line' id='line_1_5' title="bbox 314 1970 2447 2058; baseline -0.001 -23"><span class='ocrx_word' id='word_1_23' title='bbox 314 1973 475 2058; x_wconf 90' lang='lat' dir='ltr'>quin</span> <span class='ocrx_word' id='word_1_24' title='bbox 521 1985 770 2058; x_wconf 90' lang='lat' dir='ltr'>poetae</span> <span class='ocrx_word' id='word_1_25' title='bbox 836 1974 901 2035; x_wconf 92' lang='lat' dir='ltr'>in</span> <span class='ocrx_word' id='word_1_26' title='bbox 950 1972 1320 2036; x_wconf 89' lang='lat' dir='ltr'>comoediis</span> <span class='ocrx_word' id='word_1_27' title='bbox 1384 1970 1872 2055; x_wconf 89' lang='lat' dir='ltr'>componendis</span> <span class='ocrx_word' id='word_1_28' title='bbox 1939 1970 2447 2056; x_wconf 87' lang='lat' dir='ltr'>tragoediarum</span> 
     </span>
     <span class='ocr_line' id='line_1_6' title="bbox 314 2077 2447 2165; baseline -0.001 -23"><span class='ocrx_word' id='word_1_29' title='bbox 314 2079 627 2165; x_wconf 81' lang='lat' dir='ltr'>exemplo</span> <span class='ocrx_word' id='word_1_30' title='bbox 696 2080 797 2143; x_wconf 92' lang='lat' dir='ltr'>usi</span> <span class='ocrx_word' id='word_1_31' title='bbox 860 2079 1070 2143; x_wconf 91' lang='lat' dir='ltr'>multa</span> <span class='ocrx_word' id='word_1_32' title='bbox 1135 2079 1292 2142; x_wconf 92' lang='lat' dir='ltr'>inde</span> <span class='ocrx_word' id='word_1_33' title='bbox 1360 2078 1842 2142; x_wconf 84' lang='lat' dir='ltr'>transtulerint.</span> <span class='ocrx_word' id='word_1_34' title='bbox 1939 2077 2204 2141; x_wconf 88' lang='lat' dir='ltr'>Tamen</span> <span class='ocrx_word' id='word_1_35' title='bbox 2265 2079 2447 2160; x_wconf 90' lang='lat' dir='ltr'>(cum</span> 
     </span>
     <span class='ocr_line' id='line_1_7' title="bbox 312 2185 2446 2271; baseline -0 -22"><span class='ocrx_word' id='word_1_36' title='bbox 312 2198 502 2249; x_wconf 92' lang='lat' dir='ltr'>tanto</span> <span class='ocrx_word' id='word_1_37' title='bbox 575 2187 779 2250; x_wconf 88' lang='lat' dir='ltr'>distet</span> <span class='ocrx_word' id='word_1_38' title='bbox 851 2187 1204 2251; x_wconf 91' lang='lat' dir='ltr'>comoedia</span> <span class='ocrx_word' id='word_1_39' title='bbox 1275 2208 1315 2249; x_wconf 90' lang='lat' dir='ltr'>a</span> <span class='ocrx_word' id='word_1_40' title='bbox 1383 2185 1764 2271; x_wconf 85' lang='lat' dir='ltr'>tragoedia)</span> <span class='ocrx_word' id='word_1_41' title='bbox 1835 2197 2076 2270; x_wconf 92' lang='lat' dir='ltr'>poetas</span> <span class='ocrx_word' id='word_1_42' title='bbox 2148 2186 2446 2249; x_wconf 91' lang='lat' dir='ltr'>comicos</span> 
     </span>
     <span class='ocr_line' id='line_1_8' title="bbox 314 2293 2446 2378; baseline -0.001 -21"><span class='ocrx_word' id='word_1_43' title='bbox 314 2306 571 2357; x_wconf 88' lang='lat' dir='ltr'>certam</span> <span class='ocrx_word' id='word_1_44' title='bbox 634 2294 816 2356; x_wconf 90' lang='lat' dir='ltr'>illam</span> <span class='ocrx_word' id='word_1_45' title='bbox 886 2315 967 2356; x_wconf 92' lang='lat' dir='ltr'>ac</span> <span class='ocrx_word' id='word_1_46' title='bbox 1034 2293 1380 2357; x_wconf 87' lang='lat' dir='ltr'>definitam</span> <span class='ocrx_word' id='word_1_47' title='bbox 1451 2293 1867 2378; x_wconf 84' lang='lat' dir='ltr'>tragicorum</span> <span class='ocrx_word' id='word_1_48' title='bbox 1936 2314 2243 2355; x_wconf 88' lang='lat' dir='ltr'>normam</span> <span class='ocrx_word' id='word_1_49' title='bbox 2310 2314 2446 2355; x_wconf 88' lang='lat' dir='ltr'>non</span> 
     </span>
     <span class='ocr_line' id='line_1_9' title="bbox 317 2399 2444 2484; baseline -0 -22"><span class='ocrx_word' id='word_1_50' title='bbox 317 2400 589 2462; x_wconf 90' lang='lat' dir='ltr'>omnino</span> <span class='ocrx_word' id='word_1_51' title='bbox 626 2421 1086 2477; x_wconf 87' lang='lat' dir='ltr'>conservasse,</span> <span class='ocrx_word' id='word_1_52' title='bbox 1121 2401 1243 2463; x_wconf 90' lang='lat' dir='ltr'>sed</span> <span class='ocrx_word' id='word_1_53' title='bbox 1276 2399 1574 2484; x_wconf 84' lang='lat' dir='ltr'>singulas</span> <span class='ocrx_word' id='word_1_54' title='bbox 1605 2405 1838 2483; x_wconf 84' lang='lat' dir='ltr'>partes</span> <span class='ocrx_word' id='word_1_55' title='bbox 1873 2421 1956 2462; x_wconf 83' lang='lat' dir='ltr'>ex</span> <span class='ocrx_word' id='word_1_56' title='bbox 1991 2421 2113 2462; x_wconf 89' lang='lat' dir='ltr'>sua</span> <span class='ocrx_word' id='word_1_57' title='bbox 2144 2400 2444 2484; x_wconf 91' lang='lat' dir='ltr'>ipsorum</span> 
     </span>
     <span class='ocr_line' id='line_1_10' title="bbox 319 2505 2441 2570; baseline 0.001 -3"><span class='ocrx_word' id='word_1_58' title='bbox 319 2506 702 2569; x_wconf 87' lang='lat' dir='ltr'>inventione</span> <span class='ocrx_word' id='word_1_59' title='bbox 764 2518 882 2569; x_wconf 90' lang='lat' dir='ltr'>aut</span> <span class='ocrx_word' id='word_1_60' title='bbox 929 2506 1291 2569; x_wconf 88' lang='lat' dir='ltr'>mutavisse</span> <span class='ocrx_word' id='word_1_61' title='bbox 1356 2520 1472 2569; x_wconf 89' lang='lat' dir='ltr'>aut</span> <span class='ocrx_word' id='word_1_62' title='bbox 1521 2505 1863 2570; x_wconf 91' lang='lat' dir='ltr'>addidisse</span> <span class='ocrx_word' id='word_1_63' title='bbox 1915 2506 2270 2569; x_wconf 91' lang='lat' dir='ltr'>verisimile</span> <span class='ocrx_word' id='word_1_64' title='bbox 2319 2519 2441 2570; x_wconf 88' lang='lat' dir='ltr'>est.</span> 
     </span>
     <span class='ocr_line' id='line_1_11' title="bbox 313 2612 2440 2698; baseline 0 -23"><span class='ocrx_word' id='word_1_65' title='bbox 313 2612 393 2676; x_wconf 92' lang='lat' dir='ltr'>Id</span> <span class='ocrx_word' id='word_1_66' title='bbox 439 2613 625 2698; x_wconf 92' lang='lat' dir='ltr'>quod</span> <span class='ocrx_word' id='word_1_67' title='bbox 678 2652 751 2657; x_wconf 93' lang='lat'>——</span> <span class='ocrx_word' id='word_1_68' title='bbox 807 2625 880 2675; x_wconf 88' lang='lat' dir='ltr'>ut</span> <span class='ocrx_word' id='word_1_69' title='bbox 928 2614 1184 2677; x_wconf 90' lang='lat' dir='ltr'>minora</span> <span class='ocrx_word' id='word_1_70' title='bbox 1242 2614 1548 2676; x_wconf 89' lang='lat' dir='ltr'>omittam</span> <span class='ocrx_word' id='word_1_71' title='bbox 1594 2653 1683 2659; x_wconf 86' lang='lat'>—-</span> <span class='ocrx_word' id='word_1_72' title='bbox 1733 2636 1818 2676; x_wconf 80' lang='lat' dir='ltr'>ex</span> <span class='ocrx_word' id='word_1_73' title='bbox 1864 2612 2217 2698; x_wconf 86' lang='lat' dir='ltr'>parabasis</span> <span class='ocrx_word' id='word_1_74' title='bbox 2266 2635 2440 2698; x_wconf 87' lang='lat' dir='ltr'>quae</span> 
     </span>
     <span class='ocr_line' id='line_1_12' title="bbox 315 2720 2441 2806; baseline 0 -24"><span class='ocrx_word' id='word_1_75' title='bbox 315 2732 599 2783; x_wconf 91' lang='lat' dir='ltr'>vocatur</span> <span class='ocrx_word' id='word_1_76' title='bbox 674 2721 1038 2806; x_wconf 86' lang='lat' dir='ltr'>partitione</span> <span class='ocrx_word' id='word_1_77' title='bbox 1116 2733 1424 2806; x_wconf 89' lang='lat' dir='ltr'>apparet.</span> <span class='ocrx_word' id='word_1_78' title='bbox 1538 2720 1740 2798; x_wconf 86' lang='lat' dir='ltr'>Quae</span> <span class='ocrx_word' id='word_1_79' title='bbox 1821 2720 2210 2783; x_wconf 79' lang='lat' dir='ltr'>differentia</span> <span class='ocrx_word' id='word_1_80' title='bbox 2289 2742 2441 2784; x_wconf 92' lang='lat' dir='ltr'>cum</span> 
     </span>
     <span class='ocr_line' id='line_1_13' title="bbox 228 2826 2447 2913; baseline 0.001 -25"><span class='ocrx_word' id='word_1_81' title='bbox 228 2874 231 2877; x_wconf 85' lang='lat'>-</span> <span class='ocrx_word' id='word_1_82' title='bbox 296 2826 494 2890; x_wconf 68' lang='lat' dir='ltr'>⁴nullo</span> <span class='ocrx_word' id='word_1_83' title='bbox 542 2828 744 2891; x_wconf 91' lang='lat' dir='ltr'>modo</span> <span class='ocrx_word' id='word_1_84' title='bbox 813 2830 904 2891; x_wconf 89' lang='lat' dir='ltr'>ita</span> <span class='ocrx_word' id='word_1_85' title='bbox 953 2828 1277 2913; x_wconf 84' lang='lat' dir='ltr'>explicari</span> <span class='ocrx_word' id='word_1_86' title='bbox 1324 2828 1568 2912; x_wconf 87' lang='lat' dir='ltr'>possit,</span> <span class='ocrx_word' id='word_1_87' title='bbox 1641 2839 1714 2889; x_wconf 93' lang='lat' dir='ltr'>ut</span> <span class='ocrx_word' id='word_1_88' title='bbox 1763 2827 2191 2904; x_wconf 89' lang='lat' dir='ltr'>comoediae,</span> <span class='ocrx_word' id='word_1_89' title='bbox 2257 2839 2447 2912; x_wconf 91' lang='lat' dir='ltr'>post-</span> 
     </span>
     <span class='ocr_line' id='line_1_14' title="bbox 315 2933 2448 3020; baseline 0 -25"><span class='ocrx_word' id='word_1_90' title='bbox 315 2953 518 3018; x_wconf 92' lang='lat' dir='ltr'>quam</span> <span class='ocrx_word' id='word_1_91' title='bbox 566 2956 602 2996; x_wconf 93' lang='lat' dir='ltr'>e</span> <span class='ocrx_word' id='word_1_92' title='bbox 653 2935 1007 3020; x_wconf 88' lang='lat' dir='ltr'>tragoedia</span> <span class='ocrx_word' id='word_1_93' title='bbox 1056 2947 1202 2998; x_wconf 87' lang='lat' dir='ltr'>orta</span> <span class='ocrx_word' id='word_1_94' title='bbox 1252 2947 1383 3009; x_wconf 88' lang='lat' dir='ltr'>est,</span> <span class='ocrx_word' id='word_1_95' title='bbox 1447 2934 1683 2997; x_wconf 89' lang='lat' dir='ltr'>addita</span> <span class='ocrx_word' id='word_1_96' title='bbox 1733 2935 1817 2997; x_wconf 89' lang='lat' dir='ltr'>sit</span> <span class='ocrx_word' id='word_1_97' title='bbox 1864 2933 2251 3019; x_wconf 88' lang='lat' dir='ltr'>parabasis,</span> <span class='ocrx_word' id='word_1_98' title='bbox 2311 2956 2448 2997; x_wconf 91' lang='lat' dir='ltr'>non</span> 
     </span>
     <span class='ocr_line' id='line_1_15' title="bbox 315 3041 2446 3128; baseline 0.001 -25"><span class='ocrx_word' id='word_1_99' title='bbox 315 3041 455 3104; x_wconf 90' lang='lat' dir='ltr'>sine</span> <span class='ocrx_word' id='word_1_100' title='bbox 503 3042 1001 3126; x_wconf 87' lang='lat' dir='ltr'>probabilitatis</span> <span class='ocrx_word' id='word_1_101' title='bbox 1065 3044 1294 3128; x_wconf 89' lang='lat' dir='ltr'>specie</span> <span class='ocrx_word' id='word_1_102' title='bbox 1345 3041 1678 3104; x_wconf 74' lang='lat' dir='ltr'>Zielinski</span> <span class='ocrx_word' id='word_1_103' title='bbox 1696 3045 1743 3123; x_wconf 83' lang='lat' dir='ltr'>l)</span> <span class='ocrx_word' id='word_1_104' title='bbox 1809 3064 1950 3105; x_wconf 91' lang='lat' dir='ltr'>rem</span> <span class='ocrx_word' id='word_1_105' title='bbox 1999 3043 2094 3106; x_wconf 89' lang='lat' dir='ltr'>ita</span> <span class='ocrx_word' id='word_1_106' title='bbox 2142 3043 2446 3119; x_wconf 87' lang='lat' dir='ltr'>instituit,</span> 
     </span>
     <span class='ocr_line' id='line_1_16' title="bbox 316 3149 2443 3235; baseline 0.001 -25"><span class='ocrx_word' id='word_1_107' title='bbox 316 3159 388 3210; x_wconf 92' lang='lat' dir='ltr'>ut</span> <span class='ocrx_word' id='word_1_108' title='bbox 464 3170 600 3211; x_wconf 89' lang='lat' dir='ltr'>non</span> <span class='ocrx_word' id='word_1_109' title='bbox 678 3171 765 3211; x_wconf 88' lang='lat' dir='ltr'>ex</span> <span class='ocrx_word' id='word_1_110' title='bbox 841 3149 1236 3235; x_wconf 89' lang='lat' dir='ltr'>tragoediae</span> <span class='ocrx_word' id='word_1_111' title='bbox 1309 3150 1837 3234; x_wconf 88' lang='lat' dir='ltr'>compositione,</span> <span class='ocrx_word' id='word_1_112' title='bbox 1917 3150 2038 3213; x_wconf 90' lang='lat' dir='ltr'>sed</span> <span class='ocrx_word' id='word_1_113' title='bbox 2118 3172 2203 3213; x_wconf 83' lang='lat' dir='ltr'>ex</span> <span class='ocrx_word' id='word_1_114' title='bbox 2283 3151 2443 3234; x_wconf 90' lang='lat' dir='ltr'>ipsis</span> 
     </span>
    </p>
   </div>
   <div class='ocr_carea' id='block_1_5' title="bbox 212 3255 2448 3343">
    <p class='ocr_par' dir='ltr' id='par_1_5' title="bbox 212 3255 2448 3343">
     <span class='ocr_line' id='line_1_17' title="bbox 212 3255 2448 3343; baseline 0 -26"><span class='ocrx_word' id='word_1_115' title='bbox 212 3310 216 3317; x_wconf 80' lang='grc'><strong>.</strong></span> <span class='ocrx_word' id='word_1_116' title='bbox 316 3255 682 3317; x_wconf 89' lang='lat' dir='ltr'>comoediis</span> <span class='ocrx_word' id='word_1_117' title='bbox 739 3257 1148 3340; x_wconf 88' lang='lat' dir='ltr'>comparatis</span> <span class='ocrx_word' id='word_1_118' title='bbox 1215 3257 1631 3333; x_wconf 87' lang='lat' dir='ltr'>enuclearet,</span> <span class='ocrx_word' id='word_1_119' title='bbox 1698 3256 1942 3343; x_wconf 93' lang='lat' dir='ltr'>quibus</span> <span class='ocrx_word' id='word_1_120' title='bbox 2010 3256 2275 3343; x_wconf 88' lang='lat' dir='ltr'>legibus</span> <span class='ocrx_word' id='word_1_121' title='bbox 2344 3257 2448 3319; x_wconf 91' lang='lat' dir='ltr'>usi</span> 
     </span>
    </p>
   </div>
   <div class='ocr_carea' id='block_1_6' title="bbox 314 3361 2448 3985">
    <p class='ocr_par' dir='ltr' id='par_1_6' title="bbox 314 3361 1665 3447">
     <span class='ocr_line' id='line_1_18' title="bbox 314 3361 1665 3447; baseline 0.002 -23"><span class='ocrx_word' id='word_1_122' title='bbox 314 3372 563 3447; x_wconf 89' lang='lat' dir='ltr'>poetae</span> <span class='ocrx_word' id='word_1_123' title='bbox 612 3361 853 3424; x_wconf 91' lang='lat' dir='ltr'>comici</span> <span class='ocrx_word' id='word_1_124' title='bbox 901 3362 1170 3426; x_wconf 73' lang='lat' dir='ltr'>fabulas</span> <span class='ocrx_word' id='word_1_125' title='bbox 1219 3363 1665 3427; x_wconf 87' lang='lat' dir='ltr'>condiderint.</span> 
     </span>
    </p>

    <p class='ocr_par' dir='ltr' id='par_1_7' title="bbox 316 3468 2448 3985">
     <span class='ocr_line' id='line_1_19' title="bbox 448 3468 2446 3555; baseline 0.002 -25"><span class='ocrx_word' id='word_1_126' title='bbox 448 3468 541 3531; x_wconf 90' lang='lat' dir='ltr'>Et</span> <span class='ocrx_word' id='word_1_127' title='bbox 586 3469 875 3553; x_wconf 86' lang='lat' dir='ltr'>primum</span> <span class='ocrx_word' id='word_1_128' title='bbox 924 3468 1198 3555; x_wconf 90' lang='lat' dir='ltr'>quidem</span> <span class='ocrx_word' id='word_1_129' title='bbox 1245 3483 1551 3534; x_wconf 89' lang='lat' dir='ltr'>veterum</span> <span class='ocrx_word' id='word_1_130' title='bbox 1618 3472 1703 3535; x_wconf 92' lang='lat' dir='ltr'>de</span> <span class='ocrx_word' id='word_1_131' title='bbox 1752 3474 1881 3535; x_wconf 90' lang='lat' dir='ltr'>hac</span> <span class='ocrx_word' id='word_1_132' title='bbox 1944 3494 2017 3535; x_wconf 90' lang='lat' dir='ltr'>re</span> <span class='ocrx_word' id='word_1_133' title='bbox 2066 3472 2446 3535; x_wconf 89' lang='lat' dir='ltr'>testimonia</span> 
     </span>
     <span class='ocr_line' id='line_1_20' title="bbox 318 3576 2448 3664; baseline 0.001 -25"><span class='ocrx_word' id='word_1_134' title='bbox 318 3576 699 3662; x_wconf 90' lang='lat' dir='ltr'>colligenda</span> <span class='ocrx_word' id='word_1_135' title='bbox 747 3588 814 3640; x_wconf 88' lang='lat' dir='ltr'>et</span> <span class='ocrx_word' id='word_1_136' title='bbox 862 3578 1312 3641; x_wconf 85' lang='lat' dir='ltr'>examinanda</span> <span class='ocrx_word' id='word_1_137' title='bbox 1356 3579 1690 3656; x_wconf 87' lang='lat' dir='ltr'>videntur,</span> <span class='ocrx_word' id='word_1_138' title='bbox 1739 3601 1899 3642; x_wconf 91' lang='lat' dir='ltr'>num</span> <span class='ocrx_word' id='word_1_139' title='bbox 1946 3580 2110 3664; x_wconf 92' lang='lat' dir='ltr'>quid</span> <span class='ocrx_word' id='word_1_140' title='bbox 2159 3579 2249 3642; x_wconf 88' lang='lat' dir='ltr'>ad</span> <span class='ocrx_word' id='word_1_141' title='bbox 2298 3600 2448 3642; x_wconf 90' lang='lat' dir='ltr'>eam</span> 
     </span>
     <span class='ocr_line' id='line_1_21' title="bbox 318 3685 2444 3770; baseline 0.002 -25"><span class='ocrx_word' id='word_1_142' title='bbox 318 3705 520 3768; x_wconf 89' lang='lat' dir='ltr'>quam</span> <span class='ocrx_word' id='word_1_143' title='bbox 590 3696 957 3748; x_wconf 90' lang='lat' dir='ltr'>tractamus</span> <span class='ocrx_word' id='word_1_144' title='bbox 1028 3707 1171 3747; x_wconf 88' lang='lat' dir='ltr'>rem</span> <span class='ocrx_word' id='word_1_145' title='bbox 1240 3685 1767 3770; x_wconf 88' lang='lat' dir='ltr'>intellegendam</span> <span class='ocrx_word' id='word_1_146' title='bbox 1829 3687 2210 3750; x_wconf 76' lang='lat' dir='ltr'>conferant.</span> <span class='ocrx_word' id='word_1_147' title='bbox 2306 3685 2444 3749; x_wconf 87' lang='lat' dir='ltr'>Sed</span> 
     </span>
     <span class='ocr_line' id='line_1_22' title="bbox 316 3791 2446 3878; baseline 0.002 -27"><span class='ocrx_word' id='word_1_148' title='bbox 316 3791 499 3854; x_wconf 92' lang='lat' dir='ltr'>haud</span> <span class='ocrx_word' id='word_1_149' title='bbox 562 3791 654 3854; x_wconf 89' lang='lat' dir='ltr'>ita</span> <span class='ocrx_word' id='word_1_150' title='bbox 720 3814 1005 3878; x_wconf 91' lang='lat' dir='ltr'>magnus</span> <span class='ocrx_word' id='word_1_151' title='bbox 1068 3793 1223 3856; x_wconf 89' lang='lat' dir='ltr'>inde</span> <span class='ocrx_word' id='word_1_152' title='bbox 1288 3793 1663 3878; x_wconf 89' lang='lat' dir='ltr'>percipitur</span> <span class='ocrx_word' id='word_1_153' title='bbox 1728 3794 2023 3870; x_wconf 84' lang='lat' dir='ltr'>fructus,</span> <span class='ocrx_word' id='word_1_154' title='bbox 2091 3815 2243 3857; x_wconf 93' lang='lat' dir='ltr'>cum</span> <span class='ocrx_word' id='word_1_155' title='bbox 2312 3815 2446 3856; x_wconf 91' lang='lat' dir='ltr'>non</span> 
     </span>
     <span class='ocr_line' id='line_1_23' title="bbox 317 3897 2446 3985; baseline 0.003 -27"><span class='ocrx_word' id='word_1_156' title='bbox 317 3897 440 3959; x_wconf 92' lang='lat' dir='ltr'>nisi</span> <span class='ocrx_word' id='word_1_157' title='bbox 487 3898 1003 3962; x_wconf 90' lang='lat' dir='ltr'>scholiastarum</span> <span class='ocrx_word' id='word_1_158' title='bbox 1047 3900 1256 3964; x_wconf 88' lang='lat' dir='ltr'>verba</span> <span class='ocrx_word' id='word_1_159' title='bbox 1306 3913 1578 3964; x_wconf 89' lang='lat' dir='ltr'>servata</span> <span class='ocrx_word' id='word_1_160' title='bbox 1628 3901 1759 3963; x_wconf 92' lang='lat' dir='ltr'>sint</span> <span class='ocrx_word' id='word_1_161' title='bbox 1805 3922 2029 3985; x_wconf 87' lang='lat' dir='ltr'>pauca</span> <span class='ocrx_word' id='word_1_162' title='bbox 2079 3913 2146 3964; x_wconf 88' lang='lat' dir='ltr'>et</span> <span class='ocrx_word' id='word_1_163' title='bbox 2194 3901 2446 3964; x_wconf 87' lang='lat' dir='ltr'>mutila.</span> 
     </span>
    </p>
   </div>
   <div class='ocr_carea' id='block_1_7' title="bbox 316 4146 2446 4306">
    <p class='ocr_par' dir='ltr' id='par_1_8' title="bbox 316 4146 2446 4306">
     <span class='ocr_line' id='line_1_24' title="bbox 462 4146 2446 4219; baseline 0.003 -21"><span class='ocrx_word' id='word_1_164' title='bbox 462 4146 500 4214; x_wconf 84' lang='grc'>1)</span> <span class='ocrx_word' id='word_1_165' title='bbox 551 4149 643 4200; x_wconf 80' lang='grc' dir='ltr'>ΤΙι.</span> <span class='ocrx_word' id='word_1_166' title='bbox 684 4150 962 4215; x_wconf 78' lang='lat' dir='ltr'>Zielinski,</span> <span class='ocrx_word' id='word_1_167' title='bbox 1019 4153 1128 4202; x_wconf 87' lang='lat' dir='ltr'>Die</span> <span class='ocrx_word' id='word_1_168' title='bbox 1170 4153 1515 4219; x_wconf 88' lang='lat' dir='ltr'>Gliederung</span> <span class='ocrx_word' id='word_1_169' title='bbox 1573 4154 1671 4203; x_wconf 91' lang='lat' dir='ltr'>der</span> <span class='ocrx_word' id='word_1_170' title='bbox 1726 4155 2090 4203; x_wconf 85' lang='lat' dir='ltr'>altattischen</span> <span class='ocrx_word' id='word_1_171' title='bbox 2143 4154 2446 4205; x_wconf 68' lang='lat' dir='ltr'>Komodie.</span> 
     </span>
     <span class='ocr_line' id='line_1_25' title="bbox 316 4237 1306 4306; baseline 0.005 -19"><span class='ocrx_word' id='word_1_172' title='bbox 316 4237 552 4304; x_wconf 85' lang='lat' dir='ltr'>Leipzig</span> <span class='ocrx_word' id='word_1_173' title='bbox 589 4239 671 4303; x_wconf 88' lang='lat' dir='ltr'>(B.</span> <span class='ocrx_word' id='word_1_174' title='bbox 713 4239 780 4290; x_wconf 92' lang='lat' dir='ltr'>G.</span> <span class='ocrx_word' id='word_1_175' title='bbox 821 4241 1106 4306; x_wconf 87' lang='lat' dir='ltr'>Teubner)</span> <span class='ocrx_word' id='word_1_176' title='bbox 1151 4244 1306 4293; x_wconf 84' lang='lat'>1885.</span> 
     </span>
    </p>
   </div>
   <div class='ocr_carea' id='block_1_8' title="bbox 2065 4355 2090 4403">
    <p class='ocr_par' dir='ltr' id='par_1_9' title="bbox 2065 4355 2090 4403">
     <span class='ocr_line' id='line_1_26' title="bbox 2065 4355 2090 4403; baseline 0 0"><span class='ocrx_word' id='word_1_177' title='bbox 2065 4355 2090 4403; x_wconf 92' lang='lat'>1</span> 
     </span>
    </p>
   </div>
  </div>
 </body>
</html>
