3225 5192
1640 544 2036 610 -10-

778 738 1321 827 προβουλεύματα
1383 738 1471 804 ab
1518 741 1831 805 universa
1896 740 2299 805 feminarum
2345 752 2551 828 gente
2599 741 2909 807 sancian-

779 861 886 912 tur
902 846 972 936 1).
1041 848 1268 912 Versu
1302 848 1577 912 tandem
1613 853 1741 913 478
1785 860 2150 935 postquam
2181 871 2380 913 versu
2415 853 2539 914 477
2578 849 2907 914 Chremes

777 969 982 1043 atque
1031 956 1372 1045 Blepyrus
1438 956 1504 1019 in
1553 956 1829 1019 domum
1892 956 2232 1034 abierunt,
2299 958 2544 1022 chorus
2593 958 2906 1022 contione

776 1063 964 1127 finita
1042 1064 1266 1128 denuo
1345 1064 1763 1127 orchestram
1843 1064 2219 1150 ingreditur
2241 1067 2288 1147 2)
2370 1066 2489 1148 (cf.
2548 1064 2757 1129 schol.
2816 1066 2908 1130 ad

776 1194 836 1234 v.
887 1176 1014 1236 474
1063 1171 1374 1258 ἐξέρχεται
1439 1166 1473 1238 ὃ
1516 1170 1705 1257 χορὸς
1753 1166 1893 1238 ἀπὸ
1938 1176 2055 1261 τῆς
2100 1171 2474 1261 ἐκκλησίας)
2542 1195 2747 1258 quam
2794 1194 2908 1237 ce-

774 1279 1039 1341 lerrime
1104 1279 1519 1341 vestimentis
1587 1277 1881 1342 virilibus
1951 1281 2380 1343 commutatis
2446 1280 2534 1343 ad
2583 1281 2905 1366 coniuges

773 1385 1133 1449 rediturus·

913 1509 1373 1573 Transeamus
1421 1510 1511 1573 ad
1562 1532 1678 1573 eas
1727 1509 2026 1588 fabulas,
2092 1533 2378 1595 quarum
2427 1512 2669 1597 parodi
2718 1513 2904 1575 initio

775 1638 908 1681 non
983 1617 1226 1680 chorus
1298 1617 1479 1701 ipse,
1551 1617 1674 1680 sed
1743 1619 1975 1681 histrio
2048 1619 2323 1703 quidam
2396 1618 2606 1683 verba
2671 1620 2905 1704 incipit

722 1729 731 1738 ‘
776 1724 1029 1787 facere.
1125 1722 1458 1786 Omnibus
1509 1725 1685 1787 enirn
1736 1726 1801 1787 in
1848 1725 2038 1791 hisce
2088 1726 2456 1790 comoediis
2506 1747 2627 1789 eae
2675 1737 2905 1811 partes

776 1829 864 1893 ab
915 1852 1050 1893 uno
1113 1842 1373 1893 tantum
1436 1831 1757 1894 histrione
1818 1843 2132 1917 aguntur.
2227 1831 2408 1895 Sane
2473 1833 2540 1895 in
2587 1830 2905 1895 Nubibus

784 1937 1207 2021 interrumpit
1254 1959 1459 2022 saepe
1510 1937 1943 2023 Strepsiades
1990 1939 2457 2023 praeceptoris
2504 1960 2765 2023 preces,

909 2060 1566 2145 InEquitibusss)
1594 2062 1953 2147 Paphlago
1987 2063 2099 2125 vix
2127 2064 2542 2147 conspicitur
2566 2061 2907 2126 abAllan-

775 2169 1043 2252 topola‚
1110 2188 1261 2231 curn
1326 2189 1528 2252 quam
1602 2169 1950 2231 celerrime
2014 2163 2191 2232 nulla
2260 2191 2447 2233 mora
2510 2170 2906 2254 interposita

776 2275 1060 2338 salutem
1125 2275 1295 2360 petit
1361 2297 1400 2338 a
1448 2276 1638 2361 fuga.
1735 2276 1944 2352 Quod
2012 2276 2125 2340 ubi
2192 2298 2424 2340 servus
2473 2275 2539 2339 A
2607 2277 2907 2340 animad-

774 2383 1012 2459 vertit,
1085 2393 1225 2445 tum
1293 2383 1445 2445 ilico
1517 2383 1673 2446 inde
1744 2406 1785 2447 a
1854 2405 2053 2446 versu
2102 2388 2228 2448 242
2299 2383 2584 2467 Equites
2655 2382 2903 2447 auxilio

776 2501 998 2552 vocab

907 2614 1298 2700 Sequuntur
1347 2614 1681 2678 Nubes:
1753 2614 2206 2699 StrepsiadeS‚
2277 2616 2389 2700 qui
2439 2615 2702 2678 luxuria
2749 2613 2907 2678 Phi-

775 2722 1070 2807 dippidis
1148 2722 1265 2784 filii
1344 2745 1673 2785 summam
1750 2744 1968 2807 paene
2049 2723 2115 2784 in
2192 2734 2669 2807 paupertatem
2746 2743 2907 2806 pro-

773 2828 1001 2913 lapsus
1051 2841 1175 2906 est,
1237 2829 1325 2892 ad
1374 2829 1731 2893 Socratem
1779 2851 1851 2893 se
1900 2830 2188 2906 confert,
2248 2842 2320 2893 ut
2368 2841 2583 2893 artem
2633 2829 2903 2893 dicendi

773 2956 854 2998 ac
905 2934 1213 3021 litigandi
1262 2936 1514 3011 discat3
1587 2958 1669 2999 ea
1718 2937 1894 3000 enim
1944 2937 2203 2999 ratione
2270 2947 2466 3021 putat
2527 2937 2729 2999 homo
2795 2935 2902 2999 ille

922 3205 960 3269 ¹)
1003 3206 1075 3256 cf.
1106 3208 1383 3272 Hornung
1419 3223 1471 3270 p.
1502 3209 1600 3257 15:
1643 3207 1772 3272 ,Sed
1813 3208 2017 3256 chorus
2056 3208 2199 3255 hanc
2238 3207 2511 3271 parodurn
2551 3222 2754 3256 canens
2794 3221 2905 3254 non

774 3298 855 3345 uti
905 3298 961 3344 in
1019 3297 1244 3360 reliquis
1300 3297 1504 3346 fabulis
1562 3297 1821 3360 procedit
1880 3302 2091 3346 certam
2151 3300 2205 3345 in
2258 3298 2550 3346 orchestra
2603 3299 2903 3345 stationem

774 3392 1151 3450 occupaturus
1192 3394 1248 3436 et
1287 3389 1497 3436 actioni
1537 3388 1936 3448 interfuturus,
1994 3389 2093 3437 sed
2133 3390 2334 3436 transit
2374 3392 2590 3437 tanturn
2642 3392 2697 3436 et
2735 3386 2902 3450 paulo

768 3483 900 3539 post
939 3476 1164 3525 decedit
1203 3477 1274 3525 ad
1314 3479 1639 3526 contionem
1678 3476 2006 3540 profectus’.
2084 3478 2153 3526 cf.
2193 3477 2380 3541 Agtbe
2418 3493 2471 3540 p.
2514 3479 2614 3527 170
2642 3492 2759 3540 sqq.

918 3582 957 3649 2)
999 3586 1196 3634 Pollux
1243 3587 1339 3647 IV,
1386 3588 1516 3635 108:
1572 3589 1662 3636 καὶ
1707 3582 1727 3634 v‘
1770 3585 1873 3656 μὲν
1911 3584 2128 3642 εἴσοδος
2176 3584 2276 3636 τοῦ
2304 3585 2484 3653 χοροῦ
2521 3577 2772 3655 πάροδος
2807 3600 2906 3633 κα-

769 3675 953 3732 λεῖται,
994 3669 1110 3737 ἡδὲ
1150 3668 1286 3725 κατὰ
1316 3679 1511 3743 χρείαν
1548 3674 1735 3734 ἔξοδος
1773 3672 1844 3731 ὡς
1868 3667 2037 3726 πάλιν
2073 3667 2356 3727 εἰσιόντων
2391 3667 2734 3743 μετάστασις,
2777 3670 2801 3721 v‘
2842 3672 2904 3723 δὲ

767 3756 904 3833 μετὰ
943 3755 1139 3827 ταύτην
1177 3763 1393 3820 εἴσοδος
1431 3756 1788 3833 ἕπιπάροὸος.
1868 3764 1939 3815 cf.
1981 3766 2155 3814 schol.
2187 3766 2365 3814 Vatic.
2398 3764 2526 3812 Eur.
2555 3763 2680 3811 Alc.
2721 3781 2771 3812 v.
2802 3765 2901 3813 897

771 3858 827 3901 et
874 3854 1057 3903 Cram.
1098 3854 1312 3904 Anecd.
1378 3855 1552 3923 Paris.
1605 3856 1632 3903 I
1685 3871 1738 3917 p.
1778 3856 1861 3905 20.
1941 3856 2010 3905 A.
2053 3856 2264 3902 Miiller
2301 3869 2354 3916 p.
2395 3854 2515 3901 212.

919 3958 959 4024 ³)
1002 3960 1073 4009 cf.
1106 3963 1381 4026 Hornung
1417 3977 1468 4024 p.
1498 3965 1576 4022 16,
1619 3963 1788 4029 Aluffi
1831 3949 1985 4011 Uber
2028 3962 2133 4010 den
2159 3963 2405 4025 Vortrag
2444 3960 2542 4008 der
2570 3959 2904 4008 chorischen

772 4051 1000 4098 Partien
1040 4050 1132 4099 bei
1170 4050 1583 4113 Aristophanes
1625 4066 1677 4113 p.
1709 4053 1826 4112 138,
1867 4053 2056 4115 Agtlee
2096 4067 2147 4113 p.
2178 4052 2261 4111 97,
2301 4050 2541 4112 Richter,
2583 4049 2804 4112 Proleg.
2832 4048 2903 4095 ad

773 4140 980 4187 Pacem
1018 4154 1072 4201 p.
1113 4140 1198 4200 47,
1251 4139 1510 4200 Arnoldt,
1563 4137 1938 4203 Chorpartien
1977 4141 2068 4188 bei
2106 4138 2400 4201 Aristoph.
2441 4154 2493 4200 p.
2534 4140 2618 4199 43,
2671 4138 2904 4201 Equites

774 4228 859 4277 ed.
900 4228 1049 4277 Kock
1087 4244 1139 4292 p.
1181 4230 1264 4290 30,
1306 4229 1571 4278 Zielinski
1603 4244 1655 4292 p.
1699 4230 1816 4278 130.
