3225 5192
1134 578 1576 639 ..29-

291 791 376 835 ac
426 768 789 855 bipartitus
836 780 1198 855 utrumque
1247 771 1640 834 orchestrae
1690 791 1901 834 cornu
1948 770 2041 833 ita
2089 782 2298 847 tenet,
2355 782 2431 834 ut

291 875 651 962 Paphlago
696 875 1014 965 ‚undique
1065 877 1656 941 circumcludatur.
1752 876 2056 942 Chorum
2104 878 2282 941 enim
2330 878 2431 942 di-

292 984 508 1047 visum
579 1005 725 1047 esse
799 984 864 1046 in
937 983 1106 1046 duas
1175 996 1406 1069 partes
1483 984 1704 1048 elucet
1777 1006 1813 1047 e
1885 1005 2085 1047 versu
2150 988 2278 1049 242
2327 1005 2427 1069 sq.

291 1091 407 1156 ubi
455 1112 687 1154 servus
735 1088 803 1153 A
867 1102 1222 1175 utrumque
1290 1092 1657 1154 hemichori
1727 1091 1971 1155 ducem
2035 1091 2427 1154 nominatim

293 1198 594 1285 appellat
615 1199 683 1280 1).

425 1322 802 1408 Postquam
877 1325 1121 1386 chorus
1201 1314 1507 1387 versibus
1581 1327 1935 1388 247—254
2012 1323 2428 1409 gravissimis

294 1430 517 1495 verbis
552 1429 1057 1514 Allantopolam
1106 1429 1455 1493 admonuit
1505 1451 1588 1492 ne
1637 1428 1999 1515 Paphlago
2048 1451 2201 1492 eum
2252 1429 2428 1492 effu·
2476 1456 2482 1462 ·

292 1549 525 1625 geret,
587 1538 697 1601 hic
745 1537 1043 1623 undique
1105 1536 1192 1599 ab
1243 1537 1709 1600 inimicissimis
1774 1537 2027 1620 petitus
2088 1536 2428 1621 supplicat

293 1657 754 1730 spectatorum
801 1644 1098 1707 heliastis
1148 1665 1273 1729 pro
1307 1642 1522 1706 salute
1556 1666 1679 1707 sua
1718 1643 2023 1707 versibus
2052 1646 2425 1708 255—257.

295 1751 563 1816 Chorus
610 1763 838 1815 autem
886 1751 1190 1814 versibus
1241 1755 1592 1816 258—265
1663 1751 1755 1813 illi
1801 1751 2130 1814 acerrime
2179 1772 2431 1836 oppro-

295 1857 441 1922 brio
512 1859 681 1923 facit
747 1858 931 1944 quod
1002 1859 1066 1920 in
1133 1880 1409 1921 munere
1475 1858 1566 1921 nil
1633 1858 1816 1921 aliud
1882 1859 2099 1944 egerit
2168 1858 2294 1921 nisi
2357 1869 2433 1921 ut

294 1987 499 2052 quam
533 1966 892 2051 *maximas
955 1965 1224 2029 divitias
1281 1965 1406 2030 sibi
1452 1977 1749 2051 pararet.
1845 1964 2146 2051 Fugiens
2195 1966 2261 2027 in
2308 1964 2430 2028 ad-

293 2095 566 2137 versum
615 2074 1005 2137 orchestrae
1055 2094 1265 2137 cornu
1314 2096 1465 2137 eam
1512 2086 1779 2159 partem
1827 2072 1913 2137 ab
1964 2072 2180 2136 altero
2221 2074 2432 2137 hemi-

305 2180 512 2243 choro
575 2191 981 2264 occupatam
1044 2177 1192 2243 esse
1254 2181 1517 2265 aspicit.
1615 2181 1892 2245 Frustra
1943 2193 2229 2244 conatur
2293 2182 2433 2263 (vv.

296 2288 673 2369 266—268)
741 2288 1033 2350 hostiurn
1080 2289 1338 2351 animos
1386 2289 1756 2352 mendaciis
1805 2288 1913 2351 vel
1961 2288 2429 2352 audacissimis

296 2392 615 2457 cohibere
666 2394 983 2458 simulans
1031 2415 1177 2457 sese
1227 2394 1350 2457 illis
1385 2416 1653 2479 semper
1685 2395 1894 2458 fuisse
1930 2395 2432 2458 amicissimum.

295 2501 616 2587 Undique
664 2501 970 2586 repulsus
1019 2503 1296 2566 tandem
1345 2503 1674 2588 intellegit
1722 2502 1848 2567 sibi
1894 2515 2239 2566 certamen
2274 2523 2433 2567 cum

293 2606 735 2693 Allantopola
783 2631 917 2673 non
965 2610 1161 2673 vitari
1208 2631 1432 2694 posse.

427 2715 567 2779 Iam
613 2738 779 2780 vero
828 2738 998 2803 opus
1046 2718 1172 2780 erit
1219 2738 1625 2803 quaeramus
1690 2738 1824 2802 qua
1873 2718 2133 2781 ratione
2181 2718 2437 2781 chorus

290 2825 637 2909 particeps
697 2824 783 2887 sit
829 2824 1021 2887 huius
1069 2824 1331 2910 parodi.
1426 2824 1609 2887 Nam
1657 2825 1964 2909 quamvis
2028 2825 2224 2888 enixe
2271 2845 2430 2909 per-

293 2933 482 2995 multi
515 2932 637 2994 viri
680 2932 864 2996 docti
897 2933 1053 2995 huic
1086 2933 1467 3017 quaestioni
1500 2954 1781 3018 operam
1813 2932 2148 3010 dederint,
2199 2943 2428 2996 tamen

293 3052 555 3104 tantum
620 3039 815 3104 abest
879 3051 953 3103 ut
1001 3061 1234 3103 omnes
1284 3041 1746 3117 consentiant,
1814 3052 1885 3103 ut
1950 3062 2168 3125 paene
2236 3061 2472 3104 suam-

294 3147 576 3232 quisque
625 3170 666 3211 a
714 3148 957 3210 ceteris
1005 3147 1294 3211 alienam
1343 3148 1747 3211 sententiam
1794 3146 2044 3212 habeat
2064 3149 2133 3231 2).

427 3271 567 3337 Sed
611 3274 1007 3358 priusquam
1057 3274 1148 3337 ad
1194 3295 1338 3336 rem
1387 3274 1603 3358 ipsam
1639 3285 2076 3350 transeamus,
2125 3270 2439 3358 Sauppii

294 3380 788 3458 coniecturam,
855 3402 1030 3466 quae
1080 3381 1170 3444 ad
1218 3393 1479 3444 textum
1528 3381 2075 3444 constituendum
2138 3391 2428 3465 spectat,

445 3632 481 3697 ¹)
523 3631 594 3682 cf.
635 3634 808 3681 schol.
850 3633 920 3682 ad
962 3650 1011 3682 v.
1053 3635 1180 3685 242:
1219 3633 1491 3704 ἵππαρχοι
1529 3630 1589 3683 δὲ
1630 3626 1660 3682 ὁ
1698 3633 1891 3702 Σίμων
1927 3634 2020 3681 καὶ
2059 3625 2088 3680 ὁ
2127 3634 2432 3688 Παναίτιος

295 3748 359 3757 --
402 3737 490 3772 vv.
531 3724 801 3772 271.272:
861 3714 974 3772 ἀλλ’
1016 3715 1113 3772 ἐὰν
1156 3713 1365 3791 ταύτῃ
1411 3739 1477 3788 γε
1511 3720 1663 3787 νικᾷ,
1714 3724 1952 3791 ταυτῃὶ
2002 3712 2323 3784 πεπλήξεται
2363 3747 2427 3757 --

294 3802 358 3873 ἢν
393 3802 445 3861 δ’
477 3805 761 3881 ὑπεκκλίνῃ
796 3829 860 3878 γε
897 3811 1114 3885 δευρί,
1151 3805 1215 3861 τὸ
1254 3812 1443 3867 σκέλος
1478 3803 1774 3882 κυρηβάσει
1813 3816 1869 3860 et
1905 3812 2212 3877 Droysenii
2252 3816 2429 3860 trans-

293 3901 562 3950 lationem
600 3902 802 3950 horum
845 3917 1124 3951 versuum.

440 3988 480 4055 ²²)
522 3989 594 4041 cf.
640 3992 877 4054 Sauppe,
916 3991 1017 4055 Ep.
1046 3994 1168 4043 crit.
1209 3993 1280 4041 ad
1309 3993 1455 4043 God.
1497 3994 1876 4041 Hermannum
1915 4007 1967 4056 p.
1999 3993 2097 4041 116
2128 4006 2229 4058 sq.,
2269 3992 2428 4053 Beer,

296 4066 402 4130 Ub.
446 4080 498 4131 d.
538 4081 676 4129 Zahl
716 4081 814 4130 der
854 4081 1246 4146 Schauspieler
1284 4098 1337 4145 p.
1367 4085 1431 4134 27
1461 4098 1598 4146 sqq.,
1640 4083 1882 4132 Arnoldt
1920 4098 1972 4146 p.
1999 4084 2067 4131 43
2095 4097 2232 4145 sqq„
2274 4080 2439 4148 Muff

294 4186 347 4235 p.
391 4172 490 4220 102
531 4186 650 4235 sqq.
677 4177 760 4220 ·et
799 4187 850 4234 p.
895 4173 1012 4232 138,
1072 4172 1335 4220 Zielinski
1368 4188 1420 4236 p.
1463 4175 1563 4222 130
1602 4187 1684 4236 sq.
1735 4180 1790 4221 et
1830 4188 1881 4236 p.
1922 4174 2025 4223 353
2066 4187 2165 4236 sq.,
2231 4172 2428 4233 Christ,

294 4260 446 4310 Abh.
486 4260 538 4310 d.
578 4260 655 4311 M.
693 4260 803 4310 Ak.
844 4260 894 4310 d.
937 4262 1022 4310 W.
1080 4266 1218 4311 tom.
1257 4262 1390 4310 XIV
1429 4277 1481 4324 p.
1523 4263 1644 4312 215.
