3225 5192
1173 566 1618 630 *25*

1334 834 1476 916 §2-

1139 958 1253 1044 De
1301 958 1677 1042 personis.

477 1121 850 1198 Quaeritur
895 1121 1031 1184 iam
1080 1143 1239 1183 num
1289 1143 1373 1184 ex
1420 1142 1868 1206 personarum
1915 1122 2223 1206 ingressu
2258 1120 2474 1183 exitu-

340 1249 471 1314 que
523 1228 746 1314 colligi
793 1228 1007 1312 possit
1054 1226 1239 1313 quod
1289 1228 1610 1312 expediat
1651 1228 2118 1313 quaestionem
2151 1238 2472 1291 nostram.

281 1439 284 1442 ἡ
475 1353 787 1430 Quarum
807 1352 1192 1417 fabularum
1214 1354 1457 1416 chorus
1482 1353 1745 1438 parodo
1765 1353 2036 1415 ineunte
2055 1354 2473 1415 orchestram

338 1462 563 1536 intrat,
636 1472 791 1524 sunt
838 1459 1266 1525 Acharne
1293 1483 1500 1525 nses
1548 1460 1909 1546 Vespae
1957 1459 2475 1546 Lysistrata

337 1568 398 1631 E
422 1589 460 1632 c
483 1568 558 1633 cl
581 1590 617 1631 e
639 1590 669 1631 5
692 1568 712 1630 i
736 1591 774 1631 a
798 1591 834 1631 z
857 1592 900 1631 u
921 1591 951 1631 s
973 1591 1014 1632 a
1036 1591 1094 1632 e.
1191 1568 1523 1633 Omnibus
1571 1569 1758 1633 hisce
1822 1570 1889 1631 in
1937 1567 2187 1633 fabulis
2233 1568 2474 1653 parodi

339 1676 529 1740 initio
600 1697 918 1739 scaenam
988 1698 1263 1761 prorsus
1330 1697 1620 1740 vacuam
1692 1697 1839 1740 esse
1910 1676 2236 1740 videmus,
2334 1675 2477 1739 Cur

337 1805 501 1847 vero
553 1784 757 1847 etiam
804 1782 1078 1868 Vespas
1125 1784 1234 1847 hic
1282 1783 1623 1847 attulerim
1672 1784 1804 1846 iarn
1854 1805 2059 1869 supra
2111 1784 2272 1848 dixi.

472 1907 660 1977 Ach
684 1931 723 1972 a
745 1931 835 1972 rn
859 1931 958 1972 en
980 1911 1201 1972 sium
1237 1908 1539 1972 versibus
1566 1914 1694 1974 204
1711 1914 1917 1975 —236
1953 1910 2233 1973 chorum
2259 1908 2474 1981 solum

338 2014 548 2079 verba
596 2016 964 2080 facientem
1012 2017 1342 2080 audimus.
1412 2015 1642 2080 Versu
1677 2021 1801 2082 237
1854 2016 2291 2101 Dicaeopolis
2339 2038 2474 2080 una

338 2145 493 2189 curn
541 2125 831 2211 coniuge
879 2125 1151 2211 filiaque
1201 2137 1267 2189 et
1315 2147 1513 2189 servo
1563 2147 1599 2189 e
1651 2125 1853 2189 domo
1901 2126 2271 2212 egreditur,
2321 2147 2475 2190 cum

339 2234 584 2296 chorus
632 2254 780 2296 sese
829 2232 1061 2297 abdat.
1159 2233 1452 2296 Demum
1502 2232 1660 2296 inde
1710 2255 1751 2295 a
1801 2254 2000 2312 versu
2051 2237 2179 2298 280
2230 2233 2475 2297 chorus

340 2322 585 2404 denuo.
614 2340 893 2403 interest
940 2340 1210 2403 actioni.

469 2463 971 2548 Vesparum
1037 2463 1271 2527 fabula
1332 2485 1468 2526 non
1531 2463 1830 2526 ostendit
1879 2485 2196 2550 magnam
2243 2485 2479 2549 perso-

335 2593 574 2634 narum
624 2573 1084 2635 mutationem.
1168 2570 1350 2633 Nam
1399 2591 1553 2634 cum
1603 2592 1837 2634 versus
1889 2575 2237 2636 230—247
2290 2572 2476 2635 chori

337 2679 713 2742 orationem
785 2680 1210 2754 contineant,
1292 2678 1446 2741 inde
1520 2700 1559 2741 a
1635 2700 1837 2742 versu
1903 2683 2031 2744 248
2113 2700 2476 2763 puerorum

337 2787 582 2849 chorus
645 2785 1008 2870 alloquitur
1071 2807 1288 2848 senes.
1384 2784 1525 2850 Sed
1593 2786 1727 2848 iam
1775 2807 1976 2848 versu
2027 2790 2153 2851 258
2218 2786 2308 2849 illi
2356 2786 2476 2849 de-

337 2906 567 2956 serunt
613 2905 843 2977 patres
893 2914 973 2956 ac
1020 2894 1311 2977 primum
1358 2914 1555 2956 versu
1607 2897 1727 2958 291
1785 2894 2157 2957 reveniunt.

469 3018 543 3082 In
577 3017 638 3081 L
659 3043 703 3107 y
723 3020 840 3082 sis
859 3032 884 3081 t
901 3041 933 3080 r
952 3040 991 3082 a
1011 3031 1036 3082 t
1052 3039 1091 3081 a
1126 3019 1215 3083 ad
1241 3040 1477 3082 senum
1503 3019 1784 3082 chorum
1810 3019 2163 3082 mulierum
2197 3021 2284 3102 (v.
2319 3022 2473 3104 319)

336 3126 625 3190 accedit.

468 3251 529 3314 E
553 3272 590 3315 c
613 3273 650 3315 c
667 3252 689 3314 1
709 3274 743 3314 e
767 3252 899 3314 sia
922 3274 958 3314 z
981 3275 1024 3314 u
1040 3273 1071 3315 5
1092 3273 1133 3314 a
1155 3274 1187 3313 r
1204 3275 1248 3315 u
1270 3274 1335 3314 m
1367 3252 1661 3335 priorem
1686 3252 2022 3337 parodum
2056 3251 2260 3315 efficit
2293 3251 2473 3315 solus

336 3359 688 3423 mulierum
721 3361 964 3423 chorus
983 3384 999 3434 3
1048 3359 1115 3422 in
1149 3360 1363 3422 altera
1395 3359 1659 3444 parodo
1685 3358 2084 3446 Praxagora
2120 3381 2317 3423 versu
2345 3362 2473 3424 504

335 3487 653 3530 scaenam
704 3467 843 3531 init.
1341 3453 1345 3456 Δ

468 3593 624 3657 Hoc
670 3594 740 3657 in
786 3615 1066 3657 numero
1130 3590 1490 3677 ponendae
1555 3605 1709 3657 sunt
1771 3615 1921 3656 mea
1986 3593 2261 3678 quidem
2323 3615 2475 3656 sen-

331 3701 546 3763 tentia
596 3701 799 3764 etiam
848 3700 977 3763 Ra
1004 3724 1043 3764 n
1068 3722 1188 3764 ae.
1262 3700 1472 3764 Cuius
1521 3699 1797 3764 fabulae
1832 3701 2166 3784 parodum
2200 3721 2239 3763 a
2272 3722 2473 3764 versu

337 3812 464 3873 353
513 3809 813 3894 incipere
877 3831 1081 3894 supra
1149 3808 1458 3872 diximuS.
1556 3808 1795 3893 Usque
1861 3809 1951 3872 ad
2023 3830 2290 3873 versum
2342 3814 2471 3875 430

334 3913 601 3979 duobus
665 3927 925 3979 tantum
993 3916 1345 3993 trimetriS‚
1417 3937 1588 4001 quos
1635 3917 2078 4000 pronuntiant
2124 3917 2471 4005 Dionysus

336 4035 403 4086 et
441 4017 814 4101 Xanthia5‚>
857 4023 1272 4087 intercalatis
1323 4025 1568 4087 chorus
1619 4024 1795 4087 inter
1843 4046 1992 4088 sese
2043 4024 2467 4109 colloquitur.

332 4128 666 4193 Versibus
731 4142 959 4193 autem
1027 4134 1379 4195 431—439
1428 4131 1776 4219 Dionysus
1834 4143 1901 4195 et
1949 4130 2287 4195 Xanthias
2348 4154 2473 4216 per

333 4234 545 4301 breve
599 4237 919 4323 temporis
969 4237 1261 4323 spatium
1311 4237 1595 4301 diverbii
1645 4250 1801 4302 sunt
1846 4238 2238 4324 participes,
