3225 5192
1157 545 1559 608 ..3.-

312 739 823 807 Aristotelicam
872 760 1048 825 quae
1097 740 1354 824 scripta
1381 738 1632 824 logitur
1678 738 1842 802 artis
1874 739 2188 823 poeticae
2223 738 2447 822 capite

315 847 761 911 duodecimo:
818 851 1081 933 χορικοῦ
1129 846 1200 912 δὲ
1247 844 1542 932 πάροδος
1586 845 1705 930 μὲν
1752 840 1790 934 ἡ
1837 843 2070 933 πρώτη
2117 845 2283 924 λέξις
2330 842 2448 933 ὅλη

309 957 521 1040 χοροῦ.
582 952 764 1016 Nam
797 954 851 1017 si
885 953 1107 1037 obiter
1152 964 1415 1015 tantum
1447 952 1556 1015 hic
1589 951 1779 1015 locus
1814 964 2249 1036 comparatur
2296 972 2450 1014 cum

314 1061 584 1124 scholiis
631 1061 899 1137 nostriS,
966 1060 1303 1122 neminem
1371 1080 1518 1121 esse
1565 1071 1733 1143 puto
1801 1059 1963 1143 quin
2011 1070 2287 1122 censeat
2335 1059 2450 1143 qui

315 1169 569 1232 scholia
622 1166 1132 1253 componebant
1180 1188 1295 1229 eos
1345 1188 1431 1229 ex
1479 1166 1664 1230 nulla
1712 1166 1843 1229 alia
1891 1187 1964 1229 re
2012 1166 2136 1229 nisi
2185 1187 2272 1228 ex
2319 1154 2449 1228 hac

314 1274 704 1339 Aristotelis
752 1275 995 1360 parodi
1044 1273 1500 1359 descriptione
1547 1275 1902 1358 profectos
1951 1294 2098 1336 esse
2123 1274 2190 1355 l).

450 1380 662 1459 Quod
730 1383 797 1444 in
845 1379 1098 1444 Avium
1160 1380 1429 1444 scholiis
1498 1402 1636 1443 vox
1704 1378 1999 1466 πάροδος
2063 1401 2198 1443 non
2268 1400 2452 1442 com-

317 1502 748 1567 memoratur,
815 1489 1018 1553 facile
1083 1491 1178 1553 ita
1247 1490 1571 1574 explicari
1635 1500 1864 1573 potest
1929 1501 2002 1551 ut
2065 1487 2450 1564 scholiasta,

320 1619 474 1661 cum
523 1598 767 1661 chorus
814 1618 952 1660 non
983 1597 1334 1660 universus
1369 1598 1789 1660 orchestram
1837 1596 2279 1682 ingrediatur,
2327 1595 2451 1658 sed

315 1705 558 1790 singuli
623 1705 978 1788 deincepS,
1044 1705 1481 1767 haesitaverit
1546 1701 1662 1766 ubi
1728 1702 1970 1786 parodi
2036 1703 2295 1765 initium
2365 1703 2450 1765 sit

319 1811 774 1874 statuendum.
868 1809 1069 1873 Pacis
1137 1821 1365 1872 autem
1430 1811 1496 1871 in
1560 1809 1830 1872 scholiis
1894 1830 2014 1872 cur
2078 1831 2212 1872 non
2262 1821 2451 1872 extet

317 1917 426 1980 illa
475 1938 630 1993 vox,
680 1917 948 1980 minime
997 1917 1228 2003 liquet.
2525 1904 2530 1909 .

450 2022 888 2087 Revocamur
953 2024 1158 2109 igitur
1223 2024 1313 2087 ad
1374 2023 1817 2087 Aristotelem
1884 2024 2122 2109 ipsum.
2219 2023 2450 2101 Quam

317 2131 405 2194 ob
484 2153 625 2194 rem
703 2132 1023 2216 quoniam
1093 2130 1480 2195 Aristotelis
1556 2132 1799 2216 parodi
1877 2131 2264 2194 definitione
2338 2151 2453 2194 co·-

317 2239 649 2319 moedia2)
716 2260 852 2301 non
902 2240 1530 2324 comprehenditur,
1596 2240 1831 2304 facere
1894 2262 2030 2303 non
2089 2262 2447 2326 possumus

319 2347 479 2431 quin
525 2347 730 2408 hasce
774 2347 1285 2410 scholiastarum
1319 2347 1741 2411 definitiones
1789 2348 1983 2432 parvi
2016 2348 2449 2411 aestimemus

317 2465 523 2539 atque
585 2455 1017 2539 quaestiones
1078 2467 1340 2517 nostras
1410 2456 1498 2518 ad
1566 2455 1956 2520 comoedias
2023 2456 2203 2540 ipsas
2252 2455 2454 2545 redu-

321 2581 573 2624 camuS.
666 2560 777 2624 Ac
824 2562 1115 2645 primum
1154 2562 1428 2646 quidem
1478 2583 1718 2626 causas
1767 2562 2158 2639 afferamus,
2207 2560 2451 2647 quibus

319 2667 638 2730 commoti
701 2667 1116 2752 parodorum
1178 2669 1362 2732 initia
1425 2682 1630 2755 atque
1682 2671 1903 2733 exitus
1952 2669 2451 2754 descripsimus,

320 2774 567 2838 deinde
610 2774 814 2860 paulo
846 2775 1062 2838 fusius
1095 2776 1501 2839 disseramus
1535 2777 1622 2840 de
1656 2778 1901 2861 parodi
1935 2778 2446 2861 compositione.

452 2880 799 2945 Parodum
860 2882 1063 2967 igitur
1120 2903 1271 2946 cum
1321 2883 1387 2945 in
1436 2884 1531 2946 eis
1579 2905 1755 2968 quae
1805 2896 2179 2969 sequuntur
2230 2883 2453 2947 brevi-

319 2990 476 3052 tatis
526 3010 731 3053 causa
780 2991 1172 3053 comoediae
1208 2991 1711 3076 antiquissimae
1759 3013 2055 3077 graecae
2104 3014 2254 3055 eam
2295 3013 2453 3076 par-

320 3109 455 3159 tem
511 3118 687 3182 quae
720 3090 1042 3183 'prologo
1105 3098 1411 3162 succedit
1476 3100 1930 3185 appellamus,
1998 3119 2447 3185 quaecunque

326 3224 479 3267 cum
530 3204 716 3266 chori
765 3205 1039 3268 introitu
1090 3206 1338 3269 artiore
1389 3208 1752 3272 coniuncta
1816 3219 1971 3271 sunt
2036 3208 2306 3271 vinculo
2355 3207 2455 3270 in·-

323 3309 554 3395 tellegi
599 3310 906 3374 volumus
923 3312 992 3393 3).

466 3558 504 3616 1)
547 3560 617 3609 cf.
669 3561 917 3624 Leopold
955 3564 1226 3627 Schmidt,
1282 3566 1456 3616 Index
1511 3569 1821 3616 lectionum
1886 3571 2171 3617 semestris
2230 3568 2446 3616 aestivi.

322 3648 611 3714 Marpurgi
653 3652 788 3700 1889
826 3667 878 3715 p.
920 3653 1053 3702 VIII
1079 3669 1160 3717 sq.

465 3736 504 3804 ἢ
544 3740 865 3789 Dolendum
923 3748 1008 3792 est
1059 3744 1385 3793 Aristotelis
1442 3750 1748 3795 tractatum
1805 3750 1928 3819 περὶ
1974 3746 2297 3818 κωμῳδίας,
2358 3749 2455 3811 qui

321 3828 496 3877 altera
536 3845 664 3893 pars
705 3837 825 3881 erat
863 3835 1000 3882 artis
1037 3836 1316 3898 poeticae,
1355 3836 1518 3885 nobis
1559 3853 1670 3885 non
1707 3837 1978 3886 traditum
2020 3852 2159 3888 esse.

468 3916 507 3984 3)
549 3920 617 3969 cf.
658 3923 924 3972 Zielinski
956 3940 1009 3988 p.
1053 3926 1170 3976 127.

2074 4342 2133 4399 1¹!
