3225 5192
1178 542 1627 605 „43-

342 736 750 818 389—393).
825 734 987 812 Quo
1019 735 1211 799 facto
1245 736 1489 823 chorus
1521 735 1885 821 impellitur
1932 735 2060 818 (vv.
2095 735 2471 818 394—396)

338 854 413 909 ut
483 842 805 907 Iacchum
882 865 1155 929 quoque
1238 842 1549 908 cantibus
1627 844 1917 908 invocet.
2034 843 2193 908 Sine
2266 843 2473 908 dubio

338 951 614 1016 alterius
661 951 1032 1016 hemichori
1081 951 1220 1015 dux
1266 952 1510 1015 recitat
1541 952 1666 1015 hos
1697 972 1931 1014 versus
1949 952 2018 1033 1).
2090 950 2222 1015 Hic
2256 952 2478 1015 offen-

338 1058 520 1124 ditur
568 1057 901 1122 Zielinski
940 1059 1105 1144 quid
1153 1058 1278 1122 sibi
1326 1059 1488 1122 velit
1530 1058 1694 1122 illud
1725 1056 1841 1125 καί
1873 1080 2073 1122 versu
2109 1063 2259 1136 395,
2309 1080 2478 1144 quo-

338 1168 519 1231 niam
590 1165 908 1231 Iacchum
977 1167 1182 1252 paulo
1255 1179 1410 1230 ante
1481 1166 1895 1230 sollemniter
1965 1169 2052 1248 (v.
2122 1171 2248 1231 324
2298 1168 2474 1252 sqq.)

342 1275 588 1338 chorus
636 1275 1030 1338 cantaverit.
1111 1273 1259 1338 Nos
1308 1273 1582 1359 quidem
1630 1295 1764 1336 non
1799 1274 2150 1348 miramur3
2197 1295 2355 1336 nam
2401 1284 2475 1336 ut

341 1403 548 1467 supra
615 1381 902 1445 vidimus
972 1381 1135 1445 illud
1200 1383 1386 1467 prius
1455 1382 1795 1445 canticum
1865 1382 2132 1445 minime
2204 1382 2476 1467 attingit

340 1488 517 1553 hanc
564 1489 923 1553 actionem.
1300 1493 1309 1501 '

479 1613 620 1679 Sed
668 1615 800 1678 iam
852 1614 1153 1677 afferunt
1201 1635 1375 1698 quae
1425 1625 1801 1698 sequuntur
1848 1614 1974 1676 tria
2010 1613 2275 1676 cantica
2309 1612 2480 1675 diffi-

348 1720 668 1785 cultatem
717 1720 823 1784 vel
872 1720 1235 1783 maximam
1268 1742 1654 1807 magnaque
1689 1732 1790 1784 est
1823 1720 2151 1784 dissensio
2185 1720 2478 1782 virorum

344 1827 722 1904 doctorum,
747 1828 861 1912 qui
887 1827 1041 1890 huic
1066 1827 1219 1891 loco
1246 1849 1525 1911 operam
1550 1828 1907 1892 dederunt.
1957 1826 2478 1891 Proficiscamur

343 1956 384 1998 a
430 1946 777 2020 postremo
839 1934 1135 1998 carmine
1186 1956 1246 1997 v.
1299 1939 1426 1999 409
1476 1956 1625 2020 sqq.
1721 1934 2083 1998 Praeclare
2153 1935 2331 1996 enim
2393 1955 2478 1997 ex

344 2043 447 2106 his
493 2041 800 2107 versibus
849 2042 1259 2128 intellegitur
1304 2041 1447 2105 fieri
1494 2065 1632 2106 non
1680 2064 1880 2127 posse
1931 2043 2092 2127 quin
2141 2043 2271 2105 hoc
2320 2062 2479 2104 can-

346 2151 553 2213 ticum
622 2150 780 2213 viris
845 2149 1326 2232 addicamus2).
1422 2149 1682 2213 Versus
1748 2162 1973 2213 autem
2038 2153 2388 2214 404-408
2439 2170 2479 2211 a

348 2255 735 2321 mulieribus
804 2257 1061 2321 cantari
1129 2258 1302 2320 inter
1367 2278 1600 2320 omnes
1668 2258 1813 2320 fere
1882 2269 2149 2321 constat
2168 2259 2238 2339 3).
2351 2255 2480 2320 Cui

346 2376 575 2428 autem
639 2363 1104 2427 adiudicemus
1171 2385 1404 2427 versus
1474 2363 1876 2429 397—403?
1978 2364 2142 2427 Mea
2210 2364 2483 2449 quidem

348 2472 682 2534 sententia
744 2472 836 2534 nil
883 2472 1166 2555 impedit
1229 2471 1586 2556 quominus
1654 2473 1785 2535 hoc
1835 2493 2104 2535 carmen
2158 2472 2313 2534 viris
2362 2471 2483 2535 ad-

346 2579 738 2644 scribamus.
833 2579 1084 2644 Petunt
1136 2581 1314 2644 enim
1377 2581 1464 2644 ab
1514 2581 1762 2645 Iaccho
1829 2594 1902 2644 ut
1951 2582 2229 2645 chorum
2278 2581 2483 2643 comi-

347 2699 525 2752 tetur
587 2687 677 2751 ad
725 2687 1014 2770 deam4).
1104 2687 1424 2752 Fortasse
1484 2689 1771 2775 cogitari
1819 2700 2047 2773 potest
2104 2690 2234 2751 hoc
2295 2687 2482 2772 prius

348 2815 621 2859 carmen
670 2817 710 2858 a
758 2806 902 2859 toto
949 2796 1160 2860 choro
1210 2807 1555 2859 cantatum
1608 2817 1776 2859 esse.

494 3045 534 3112 ¹)
574 3048 733 3116 Muff
782 3065 835 3112 p.
880 3051 978 3099 167
1044 3049 1268 3097 disserit
1324 3049 1493 3100 haec:
1558 3049 1861 3113 ‘Fritzsclee
1917 3047 2029 3095 und
2084 3048 2234 3096 Kock
2295 3045 2478 3094 haben

294 3163 299 3169 ·
348 3137 590 3187 n‘aeimlich
629 3140 731 3188 mit
769 3143 965 3203 gutem
987 3138 1217 3189 Grunde
1245 3153 1675 3203 angenommen‚
1717 3138 1843 3186 dass
1883 3137 1972 3185 die
1996 3138 2172 3185 Verse
2198 3137 2476 3185 394—397

348 3242 480 3276 vom
519 3229 835 3278 Daduchen
872 3230 953 3277 als
992 3229 1210 3277 Ffihrer
1252 3229 1350 3277 des
1389 3228 1729 3278 weiblichen
1769 3227 2086 3276 Halbchors
2124 3226 2479 3291 gesprochen

346 3316 579 3366 worden
632 3317 780 3378 sind,
841 3318 909 3366 da
959 3334 1018 3366 er
1070 3320 1125 3365 in
1175 3318 1281 3366 den
1331 3318 1651 3367 Eleusinien
1704 3317 1803 3365 der
1849 3317 2066 3365 Ftihrer
2123 3317 2219 3364 des
2271 3314 2479 3364 sackel—

347 3406 658 3471 tragenden
683 3407 926 3473 Jacchos
955 3422 1070 3456 war
1110 3406 1222 3454 und
1250 3406 1424 3469 daher
1451 3424 1517 3455 zu
1547 3406 1748 3456 dessen
1775 3407 1967 3455 Preise
1995 3421 2084 3454 arn
2111 3405 2480 3469 passendsten

344 3496 691 3547 auffordert'.

490 3583 530 3649 ²)
572 3585 644 3635 cf.
685 3586 851 3653 Muff
877 3602 930 3649 p.
974 3588 1090 3648 167,
1130 3586 1371 3637 Arnoldt
1408 3603 1461 3650 p.
1505 3589 1604 3636 146
1635 3603 1753 3651 sqq.

491 3672 531 3740 ³)
570 3677 857 3725 Frt'tzsche
895 3692 947 3739 p.
973 3677 1071 3725 195
1095 3691 1200 3740 sq.:
1242 3677 1456 3742 ‘Itaque
1497 3678 1739 3726 mediam
1769 3677 2059 3739 stropham
2088 3692 2175 3726 vv,
2198 3677 2478 3725 403—407

346 3781 380 3815 a
418 3766 743 3815 mulieribus
797 3772 1077 3816 cantatam
1133 3754 1257 3816 csse
1299 3783 1328 3816 e
1367 3769 1555 3817 verbis
1612 3765 2002 3826 σανδαλίσκος,
2060 3757 2281 3834 σχιστὸς
2309 3757 2482 3832 χιτών

349 3860 407 3904 et
444 3858 666 3922 σχισταί
709 3855 870 3919 plane
919 3857 1299 3922 intellegitur'.
1375 3857 1447 3907 cf.
1488 3858 1655 3925 Muff
1697 3873 1749 3921 p.
1792 3858 1919 3918 169,
1974 3856 2219 3905 Arnoldt
2266 3872 2318 3919 p.
2363 3857 2478 3906 147.

346 3944 690 3994 Luculenter
729 3945 989 4001 videntur
1028 3947 1227 3999 verba:
1280 3938 1755 4017 κατασχισάμενος
1802 3974 1867 3982 -—
1915 3938 1977 3996 τὸ
2016 3937 2184 4014 ῥάκος
2222 3949 2479 4008 spectare

348 4033 420 4082 ad
458 4034 633 4083 verba
661 4039 926 4104 χιτωνίου
965 4036 1425 4108 παραῤῥαγέντος.

489 4140 533 4206 4)
574 4141 647 4192 cf.
675 4144 975 4205 Fritzscbe,
1013 4145 1275 4194 Arnoldt.
1328 4146 1509 4195 Aliter
1532 4146 1703 4213 Muff',
1744 4146 1838 4209 qui
1863 4145 1972 4193 hoc
2003 4159 2226 4209 quoque
2255 4158 2481 4192 carmen

349 4246 383 4282 a
425 4232 752 4284 mulieribus
804 4235 926 4284 cani
978 4234 1152 4285 iubet.
1229 4235 1490 4286 Zielinski
1520 4251 1571 4301 p.
1616 4237 1746 4288 275:
1800 4235 1929 4302 ‘Zur
1970 4236 2088 4284 Not
2139 4233 2340 4284 k‘amen
2380 4235 2482 4282 wir
