3225 5192
1634 564 2075 629 ...22-

786 756 1291 844 subsequuntur
1323 759 1458 824 duo
1488 758 1755 824 cantica
1785 757 2210 846 logaoedica‚
2242 779 2417 844 quae
2452 780 2681 825 secum
2710 759 2923 847 plane

786 879 1187 954 congruunt.

918 972 1161 1038 Liceat
1228 974 1361 1039 hoc
1440 974 1591 1038 loco
1672 974 1955 1038 alteram
2026 994 2297 1060 quoque
2374 976 2571 1040 huius
2639 975 2920 1041 fabulae

783 1082 1117 1167 parodum
1153 1093 1468 1146 tractare.
1546 1080 1758 1146 Cuius
1789 1081 2207 1167 prooemium
2258 1083 2449 1167 quasi
2483 1094 2586 1147 est
2618 1096 2917 1170 systema

785 1188 1148 1254 iambicum
1195 1191 1330 1272 (vv.
1381 1192 1734 1255 478-482
1782 1186 1919 1252 (1υο
1967 1190 2370 1253 monometri
2417 1202 2486 1254 et
2533 1190 2669 1255 duo
2718 1203 2919 1257 tetra-

784 1297 980 1360 metri
1074 1295 1343 1361 iambici
1437 1295 1865 1380 catalectici).
1989 1295 2593 1382 Comprehendunt
2684 1320 2918 1364 versus

786 1407 1169 1469 483--488
1259 1404 1599 1468 canticum
1677 1402 2068 1482 iambicum,
2161 1406 2269 1468 cui
2345 1426 2492 1469 sese
2572 1406 2917 1492 applicant

786 1521 1106 1596 quattuor
1122 1512 1496 1575 tetrametri
1513 1510 1784 1575 iambici
1807 1512 2208 1576 catalectici.
2233 1512 2562 1578 Versibus
2582 1518 2914 1581 483—488

784 1618 1201 1703 respondent
1263 1618 1516 1704 optime
1579 1640 1816 1683 versus
1880 1622 2271 1697 493—499,
2338 1623 2747 1687 tetrametris
2792 1623 2916 1686 illis

786 1725 980 1790 simul
1014 1737 1337 1812 quattuor
1380 1727 1757 1790 tetrametri
1803 1725 2072 1791 iambici
2122 1730 2255 1811 (vv.
2280 1730 2670 1811 500—503)
2705 1751 2919 1815 oppo-

786 1834 894 1898 siti
942 1845 1116 1898 sunt.
1210 1832 1473 1898 Versus
1510 1837 1862 1899 504—513
1913 1844 2068 1897 sunt
2117 1834 2400 1897 trimetri
2448 1833 2753 1912 iambici3
2802 1858 2919 1899 ex-

787 1941 983 2005 tremi
1032 1952 1260 2004 autem
1291 1940 1535 2026 parodi
1568 1961 1806 2004 versus
1841 1944 2192 2006 514—519
2229 1953 2578 2005 transeunt
2619 1941 2686 2006 in
2720 1954 2917 2007 tetra-

784 2061 1038 2113 metros
1086 2049 1562 2134 anapaesticos
1609 2048 2047 2112 acatalectOS.

920 2155 977 2219 P
993 2157 1168 2220 luti
1235 2157 1423 2242 prior
1485 2156 1731 2241 parodi
1800 2176 1961 2241 pars
2025 2156 2322 2241 pertinet
2387 2156 2546 2221 inde
2611 2179 2652 2221 a
2716 2179 2917 2222 versu

789 2268 916 2329 253
950 2261 1041 2327 ad
1066 2286 1129 2327 v.
1150 2268 1314 2339 2893
1350 2284 1584 2328 versus
1618 2275 1773 2327 sunt
1805 2264 2189 2328 tetrametri·
2206 2263 2480 2329 iambici
2515 2264 2914 2329 catalectici.

788 2369 1231 2435 Canticorum
1302 2393 1477 2457 quae
1549 2383 1923 2457 sequuntur
1993 2382 2281 2436 metrum
2359 2384 2463 2437 est
2534 2372 2914 2450 iambicum,

787 2478 910 2543 sed
980 2479 1072 2542 ita
1134 2489 1209 2542 ut
1275 2499 1544 2564 semper
1611 2479 1749 2542 duo
1817 2480 2115 2543 carmina
2179 2481 2560 2545 concinant.
2653 2479 2914 2566 Aperte

786 2597 944 2671 post
1012 2607 1282 2650 versum
1347 2590 1469 2652 321
1554 2587 1743 2672 quod
1816 2586 2126 2651 Carionis
2206 2588 2483 2651 carmini
2553 2588 2916 2673 respondet

790 2694 976 2758 chori
1025 2694 1366 2759 canticum
1415 2691 1692 2758 excidit.

923 2801 1218 2865 Restant
1265 2799 1505 2865 Nubes
1553 2813 1623 2864 et
1668 2799 1937 2878 Ranae,
1996 2822 2285 2887 quarum
2332 2800 2719 2866 fabularum
2765 2823 2917 2886 par-

789 2909 959 2974 odus
984 2909 1241 2972 initium
1267 2908 1451 2994 capit
1482 2930 1524 2972 a
1557 2909 1963 2972 tetrametris
1996 2909 2448 2994 anapaesticis
2482 2908 2913 2973 catalecticiS.

922 3014 1226 3079 Priorem
1274 3013 1671 3079 Nubium
1739 3015 1981 3100 parodi
2029 3027 2293 3100 partem
2343 3015 2640 3080 efficiunt
2686 3037 2917 3080 versus

790 3127 1162 3190 263—313.
1276 3122 1453 3187 Cum
1516 3133 1878 3208 utrumque
1946 3124 2286 3187 canticum
2354 3125 2488 3204 (vv.
2550 3126 2915 3189 275—290

789 3261 874 3287 =
911 3231 1288 3313 299—313)
1341 3241 1556 3294 metro
1603 3241 1839 3293 utatur
1884 3229 2249 3316 dactylic0‚
2299 3251 2533 3293 versus
2567 3232 2916 3295 263—274

788 3360 871 3403 ac
920 3343 1271 3405 291—298
1340 3349 1495 3402 sunt
1561 3338 1940 3401 tetrametri
2015 3337 2435 3422 anapaestici
2513 3336 2915 3401 catalectici.

790 3444 1062 3523 Quibus
1111 3467 1197 3509 ex
1232 3445 1642 3509 tetrametris
1698 3456 2014 3509 constant
2057 3445 2260 3508 etiam
2291 3456 2654 3530 sequentes
2685 3464 2918 3508 versus

710 3610 715 3615 ,
792 3556 1165 3630 314-438,
1236 3573 1371 3638 quo
1442 3573 1482 3615 a
1543 3573 1744 3616 versu
1805 3553 2182 3616 tetrametri
2253 3553 2321 3615 in
2390 3563 2691 3640 systema
2761 3572 2921 3615 con-

788 3671 1143 3724 vertuntur
1220 3660 1750 3745 anapaesticum.
1865 3658 2195 3724 Extrema
2272 3659 2338 3722 in
2407 3658 2648 3744 parodi
2724 3669 2920 3743 parte

789 3768 1098 3832 videmus
1143 3768 1434 3854 primum
1467 3769 1827 3832 trochaeos
1876 3788 2008 3830 una
2044 3787 2197 3831 cum
2228 3765 2647 3851 pentopodia
2682 3765 2923 3849 dacty-

789 3876 919 3940 lica
967 3875 1062 3960 (v.
1112 3877 1268 3958 459)
1318 3874 1565 3939 deinde
1615 3896 1657 3938 a
1704 3895 1904 3938 versu
1953 3878 2073 3940 461
2130 3872 2722 3961 dactyloepitritos
2773 3892 2918 3935 esse

791 3982 1129 4048 exhibitos
1145 3986 1215 4066 1).
1287 3983 1549 4046 Versus
1582 3987 1710 4047 476
1738 4003 1838 4068 sq.
1887 3993 2042 4045 sunt
2075 3981 2448 4045 tetrametri
2481 3979 2919 4065 anapaestici.

935 4163 976 4228 1)
1017 4163 1088 4215 cf.
1115 4165 1386 4214 Rossbach
1426 4162 1512 4213 ed.
1538 4163 1564 4212 I
1602 4179 1656 4226 p.
1683 4163 1787 4212 454
1808 4177 1907 4226 sq„
1946 4178 1999 4226 p.
2021 4163 2124 4212 445
2147 4177 2228 4226 sq.
2269 4160 2376 4227 (ed.
2403 4161 2457 4210 II
2494 4161 2604 4210 vol.
2630 4160 2683 4209 H
2720 4175 2773 4223 p.
2802 4159 2921 4219 690,

793 4253 864 4304 cf.
905 4270 956 4319 p.
999 4256 1127 4316 683;
1179 4254 1265 4304 ed.
1302 4253 1383 4302 111
1422 4253 1532 4302 vol.
1569 4252 1702 4301 1112
1742 4267 1794 4316 p.
1834 4253 1955 4313 488,
1995 4249 2067 4301 cf.
2106 4266 2159 4314 p.
2199 4251 2343 4316 479),
2394 4251 2544 4298 Kock
2583 4247 2669 4298 ed.
2708 4264 2761 4313 p.
2787 4248 2920 4307 210.
