3225 5192
1636 572 2081 638 ...52-

936 766 1164 830 Versu
1213 771 1340 832 478
1404 767 1648 830 chorus
1710 767 1999 830 ecclesia
2045 767 2232 829 finita
2279 779 2644 852 postquam
2691 769 2946 831 iterum

805 875 1222 938 orchestram
1287 873 1487 951 adiit,
1550 872 1875 959 gravibus
1936 871 2160 937 verbis
2208 873 2613 939 admonetur
2655 887 2731 938 ut
2777 896 2947 960 pro-

801 982 1034 1045 videat
1098 1003 1182 1044 ne
1251 1003 1338 1043 ex
1403 982 1768 1065 improviso
1839 981 2278 1065 opprimatur.
2393 980 2663 1058 Quibus
2728 994 2946 1046 tetra-

803 1088 1032 1151 metris
1082 1088 1213 1171 (vv.
1259 1088 1637 1170 478—482)
1688 1109 2098 1172 quamquam
2145 1088 2604 1151 immiscentur
2649 1088 2786 1152 duo
2838 1089 2945 1153 di-

803 1196 996 1259 metri
1044 1194 1349 1271 iambici,
1412 1207 1641 1257 tamen
1688 1195 1811 1257 hos
1859 1216 2093 1257 versus
2139 1195 2510 1280 praecipue
2562 1197 2940 1283 coryphaei

802 1324 952 1366 esse
1000 1313 1183 1366 certe
1234 1301 1553 1365 contendi
1598 1302 1910 1386 potest1).

934 1408 1044 1471 Ex
1094 1408 1396 1472 versibus
1445 1412 1798 1473 483—503
1862 1409 2154 1493 primum
2210 1408 2410 1472 facile
2460 1408 2939 1473 discernuntur

800 1537 1034 1579 versus
1100 1520 1506 1592 489-492,
1593 1520 1960 1581 500-503
2011 1516 2473 1598 (tetrametri)‚
2562 1517 2676 1600 qui
2742 1528 2934 1579 certe

799 1622 887 1687 ab
958 1645 1090 1686 una
1160 1644 1453 1707 persona
1523 1624 2077 1707 pronuntiantur3
2147 1644 2307 1686 nam
2370 1635 2439 1686 et
2499 1622 2631 1686 illic
2693 1634 2761 1686 et
2822 1624 2937 1686 hic

684 1728 691 1733 ’
803 1731 1045 1793 chorus
1122 1730 1212 1793 ad
1290 1731 1753 1795 festinandum
1827 1730 2209 1815 impellitur.
2327 1729 2561 1794 Priore
2634 1731 2937 1794 carmine

799 1839 932 1921 (vv.
985 1840 1369 1923 483—488)
1439 1840 1686 1902 chorus
1751 1840 1997 1923 repetit
2061 1839 2242 1902 idem
2304 1839 2451 1902 fere
2500 1838 2686 1924 quod
2733 1859 2939 1924 cory-

795 1946 1055 2030 phaeus
1103 1944 1410 2009 versibus
1444 1950 1800 2011 478—482
1850 1946 2043 2023 dixit,
2091 1946 2306 2009 altero
2355 1958 2583 2009 autem
2633 1947 2936 2010 carmine

799 2056 932 2135 (vv.
984 2056 1361 2137 493—499)
1444 2055 1810 2117 choreutae
1880 2055 2055 2117 inter
2123 2076 2271 2118 sese
2351 2056 2789 2118 cohortantur
2860 2067 2936 2118 ut

796 2183 1000 2246 quam
1050 2161 1395 2224 celerrime
1460 2162 1864 2225 vestimenta
1933 2172 2212 2225 mutent.
2308 2160 2545 2247 Itaque
2612 2163 2934 2247 quoniam

795 2290 1000 2352 supra
1049 2269 1335 2331 vidimus
1386 2270 1665 2332 chorum
1713 2268 2109 2354 bipartitum
2158 2291 2326 2346 esse,
2375 2281 2562 2332 certe
2611 2270 2720 2332 hic
2765 2291 2935 2354 quo-

796 2397 928 2461 que
996 2376 1157 2439 illud
1226 2378 1563 2440 canticum
1633 2377 1910 2453 dexter,
1979 2378 2109 2440 hoc
2166 2377 2433 2440 sinister
2479 2378 2932 2454 hemichorus‚

795 2483 941 2546 illos
991 2496 1418 2547 tetrametros
1484 2484 1625 2547 dux
1687 2484 1989 2561 dexteri,
2056 2486 2180 2548 hos
2237 2485 2377 2548 dux
2425 2485 2672 2548 sinistri
2718 2484 2934 2547 hemi-

797 2592 984 2654 chori
1031 2593 1444 2675 pronuntiat.

929 2697 1168 2762 Altera
1215 2700 1411 2762 huius
1448 2700 1691 2784 parodi
1723 2721 1882 2783 pars
1932 2700 2166 2784 incipit
2215 2699 2302 2764 ab
2337 2701 2638 2765 adventu
2670 2699 2933 2763 Praxa-

794 2827 1044 2892 gorae3
1113 2806 1268 2869 inde
1343 2808 1519 2869 enim
1592 2829 1632 2869 a
1694 2827 1893 2870 versu
1944 2811 2070 2872 504
2142 2807 2465 2871 admonet
2527 2807 2931 2894 Praxagora

797 2914 1114 2975 trimetris
1163 2912 1465 2976 iambicis
1514 2914 1845 2990 muliereS,
1894 2925 1968 2977 ut
2001 2915 2295 2977 virorum
2346 2916 2761 2978 vestimentis
2810 2914 2933 2979 ab-

796 3019 989 3082 iectis
1037 3020 1441 3082 festinanter
1502 3020 1591 3083 ad
1641 3042 1757 3083 eos
1814 3020 2118 3085 redeant.
2213 3020 2458 3085 Statim
2507 3022 2750 3086 chorus
2797 3024 2930 3086 hoc

796 3126 1056 3189 factum
1106 3148 1252 3189 esse
1286 3127 1654 3211 respondet
1687 3128 2015 3212 simulque
2050 3129 2426 3213 interrogat
2458 3127 2929 3215 Praxagoram

797 3232 959 3317 quid
1011 3245 1151 3295 tum
1198 3232 1449 3297 iubeat.
1530 3233 1929 3320 Praxagora
1978 3235 2377 3298 adhortatur
2423 3235 2692 3299 sodales
2739 3247 2812 3298 ut
2863 3237 2930 3298 in

796 3352 1144 3425 posterum
1206 3363 1477 3426 quoque
1546 3343 1788 3405 eadem
1853 3343 2099 3405 virtute
2149 3363 2229 3406 ac
2279 3343 2659 3406 constantia
2720 3358 2928 3427 atque

797 3459 999 3511 antea
1047 3469 1195 3512 sese
1244 3448 1568 3511 adiuvent
1592 3451 1662 3531 2).

933 3553 1183 3617 Pluti
1261 3555 1504 3639 parodi
1581 3556 1767 3640 prior
1844 3578 2002 3640 pars
2082 3559 2215 3638 (vv.
2286 3558 2662 3639 253—289)
2742 3577 2931 3619 com-

797 3661 1113 3746 plectitur
1182 3661 1491 3726 Carionis
1571 3676 1638 3726 et
1709 3663 1896 3727 chori
1973 3662 2387 3741 diverbium‚
2466 3685 2602 3749 quo
2674 3663 2929 3727 Carion

799 3896 1078 3958 sagaciter
1108 3895 1272 3962 Muff
1301 3898 1421 3944 viro
1463 3897 1538 3944 illi
1580 3897 1770 3959 docto,
1809 3902 1997 3946 tamen
2038 3899 2094 3946 id
2132 3914 2303 3946 unum
2343 3899 2582 3946 maxime
2622 3897 2928 3946 absurdum

800 3984 1020 4032 videtur
1072 4001 1266 4034 versus
1307 3988 1588 4035 285—288
1641 4002 1673 4035 a
1713 3987 2036 4052 coryphaeo
2077 3989 2371 4036 mulierum
2410 3988 2747 4035 urbanarum
2799 3987 2929 4048 dici,

800 4079 997 4122 contra
1036 4089 1229 4123 versus
1270 4077 1370 4125 289
1399 4091 1517 4139 sqq.
1556 4091 1587 4123 a
1629 4077 1954 4125 mulieribus
1995 4079 2218 4126 rusticis
2260 4080 2491 4126 cantari.

943 4160 981 4227 ¹)
1025 4163 1186 4230 Muff
1215 4180 1267 4227 p.
1309 4166 1430 4215 137.

941 4249 981 4317 ²)
1023 4252 1187 4319 Muff
1213 4269 1266 4317 p.
1309 4255 1428 4305 173.
