3225 5192
1172 566 1613 630 „21-

331 778 573 827 versus·
634 763 1071 845 282-2901).
1172 760 1412 825 Finem
1480 762 1723 847 parodi
1794 762 2091 826 efficiunt
2158 736 2358 826 ionici
2422 783 2463 826 a

334 873 591 936 minore
640 873 774 955 (vv.
826 871 1225 954 291—315).
1330 869 1471 971 Cur
1532 882 1761 935 autem
1826 872 2239 957 respondere
2303 871 2465 935 velit

333 978 640 1042 Meineke
672 979 804 1061 (ed.
839 1000 906 1063 p.
940 981 1089 1061 174)
1123 999 1357 1041 versus
1392 983 1743 1044 291—302
1778 978 2085 1042 versibus
2113 983 2461 1045 303—315

330 1099 453 1151 aut
478 1084 778 1151 Arnoldt
811 1087 904 1172 (p.
934 1087 1044 1168 21)
1080 1097 1149 1150 et
1183 1085 1516 1148 Zielinski
1540 1088 1633 1171 (p.
1668 1089 1817 1170 135)
1852 1108 2085 1150 versus
2112 1090 2462 1153 291—303
2555 1164 2570 1175 l

333 1193 638 1259 versibus
689 1197 1038 1260 304-316
1089 1187 1358 1257 minime
1407 1194 1838 1280 intellegitur.

463 1319 1069 1408 Lysistratae
1141 1319 1383 1404 parodi
1447 1319 1655 1404 priori
1719 1320 1987 1383 cantico
2050 1319 2465 1384 antecedunt

331 1428 466 1492 duo
534 1427 908 1490 tetrametri
974 1425 1243 1490 iambici
1308 1425 1708 1490 catalectici.
1821 1425 2184 1490 Canticum
2246 1428 2463 1512 ipsum

333 1534 780 1620 compositum
829 1547 932 1598 est
980 1557 1065 1597 ex
1110 1533 1377 1598 duobus
1412 1534 1823 1598 tetrametris
1871 1533 2174 1597 iambicis
2208 1534 2467 1597 dicata-

329 1643 539 1720 lectiS‚
610 1654 932 1729 quattuor
978 1642 1283 1705 dimetris
1331 1640 1638 1705 iambicis
1686 1642 2103 1718 acatalectiS‚
2168 1664 2301 1705 una
2350 1642 2466 1705 tri-

327 1750 534 1835 podia
561 1751 909 1814 trochaica
942 1749 1340 1813 acatalecta.
1393 1749 1625 1826 Quam
1658 1761 2065 1813 structuram
2112 1750 2464 1815 metricam

331 1857 677 1942 excipiunt
724 1857 1020 1942 quinque
1069 1857 1445 1921 tetrametri
1495 1855 1768 1921 iambici
1817 1856 2218 1920 catalectici.
2298 1856 2464 1921 Inde

329 1987 369 2028 a
403 1986 603 2027 versu
638 1969 987 2029 271-285
1037 1964 1325 2029 redeunt
1373 1977 1439 2028 et
1490 1965 1735 2028 cantici
1782 1963 1954 2028 illius
2003 1965 2278 2028 schema
2326 1986 2464 2028 me·-

329 2074 571 2137 tricum
650 2085 717 2135 et
794 2073 1091 2158 quinque
1183 2073 1555 2136 tetrametri
1636 2070 1903 2136 iambici
1995 2071 2373 2136 catalectici
2390 2073 2460 2155 2).

326 2179 587 2243 Versus
636 2183 986 2245 286-295
1037 2200 1188 2243 cum
1238 2178 1543 2243 versibus
1577 2184 1928 2246 296—305
1976 2200 2253 2265 prorsus
2302 2200 2463 2244 con-

328 2287 606 2372 spirant.
702 2285 1073 2371 Utriusque
1138 2287 1312 2350 enim
1375 2288 1622 2351 cantici
1686 2299 1970 2351 metrum
2023 2288 2462 2351 commixtum

329 2407 431 2458 est
464 2416 548 2458 ex
584 2394 823 2458 iambis
856 2395 1350 2480 trochaeisque.
1418 2394 1732 2480 Denique
1767 2393 2074 2459 versibus
2110 2400 2459 2462 306—318

329 2503 552 2567 denuo
602 2504 932 2565 exsistunt
981 2504 1354 2566 tetrametri
1403 2503 1673 2567 iambici
1724 2504 2124 2568 catalectici.

459 2627 821 2691 Mulierum
869 2628 1133 2713 parodo
1181 2629 1454 2692 ineunte
1502 2630 1790 2715 legimus
1825 2629 1995 2693 duos
2028 2639 2460 2693 tetrametros

327 2734 841 2811 choriambicos‚
890 2735 1133 2820 quibus
1166 2757 1434 2799 annexa
1467 2748 1623 2800 sunt
1656 2736 1792 2800 duo
1826 2737 2095 2799 cantica
2129 2736 2461 2799 choriam-

327 2841 917 2927 bico-logaoedica
976 2844 1109 2925 (νν.
1163 2847 1513 2908 321-334
1565 2873 1648 2897 ---
1700 2844 2098 2926 335-349).
2204 2842 2371 2907 Inde
2419 2864 2459 2906 a

327 2972 524 3013 versu
575 2955 703 3017 350
776 2952 1201 3035 reperiuntur
1272 2952 1648 3015 tetrametri
1717 2950 1986 3016 iambici
2057 2951 2457 3028 catalectici,

326 3058 441 3143 qui
489 3080 689 3122 versu
725 3063 851 3124 382
900 3059 966 3120 in
1002 3058 1326 3122 dimetros
1374 3069 1753 3133 mutantur3
1801 3069 2184 3143 postremus
2216 3058 2458 3144 parodi

325 3187 559 3229 versus
623 3166 862 3229 mirum
924 3166 990 3228 in
1037 3166 1315 3229 modum
1379 3178 1481 3229 est
1541 3166 1785 3228 iterum
1848 3176 2241 3229 tetrameter
2295 3165 2461 3228 iam-

325 3271 535 3335 bicu8.

457 3396 517 3458 E
543 3417 580 3460 c
602 3417 639 3460 c
660 3397 682 3459 1
703 3418 739 3460 e
762 3398 897 3460 sia
921 3419 957 3459 z
975 3418 1019 3459 u
1044 3419 1076 3460 s
1097 3419 1138 3459 a
1160 3420 1193 3459 r
1211 3419 1255 3459 u
1277 3419 1341 3459 m
1405 3395 1710 3482 parodus
1767 3398 2002 3483 incipit
2048 3419 2088 3460 a
2136 3409 2458 3482 quattuor

324 3504 733 3569 tetrametris
796 3503 1100 3568 iambicis
1149 3504 1563 3568 catalecticis
1615 3507 1749 3588 (vv.
1801 3507 2217 3587 285-288);
2284 3526 2456 3590 quos

468 3777 506 3843 1)
547 3780 775 3828 Richter
815 3778 900 3829 ed.
941 3781 1112 3844 Vesp.
1151 3781 1239 3830 ad.
1279 3797 1330 3831 v,
1372 3782 1490 3831 273.
1537 3810 1602 3817 -—
1644 3782 1827 3830 Versu
1868 3782 1969 3832 277
2009 3781 2145 3830 mihi
2183 3782 2456 3845 probatur

322 3869 573 3918 Richteri
608 3871 934 3919 coniectura
988 3869 1400 3941 ἑπεφλεγμένον
1435 3886 1539 3935 pro
1580 3862 1672 3922 εἶτ’
1712 3870 2050 3941 ἐφλέγμηνεν
2098 3887 2242 3935 quae
2281 3872 2455 3921 verba

322 3958 553 4007 turbant
593 3961 1051 4008 concinnitatem.

466 4063 506 4130 2)
548 4067 758 4115 Versus
799 4069 902 4117 264
931 4072 987 4117 et
1016 4069 1118 4118 279
1158 4074 1352 4132 aperte
1394 4071 1648 4132 corrupti
1687 4073 1833 4118 sunt.
1888 4068 2085 4132 Itaque
2125 4074 2188 4118 ut
2225 4083 2454 4132 respon-

320 4156 537 4204 sionem
591 4156 919 4207 restitueret
959 4157 1206 4206 Meineke
1255 4159 1499 4207 coniecit
1547 4173 1714 4207 versu
1755 4159 1857 4208 264
1904 4149 2194 4229 κλῂθροισί
2233 4175 2346 4228 μου
2396 4162 2453 4207 et

319 4258 486 4293 versu
526 4245 628 4294 279
669 4235 1035 4318 ἀπαράτιλτος
1072 4245 1275 4313 ῥυπῶν.
1315 4274 1381 4282 -
