3225 5192
1648 576 2084 638 -32—

807 782 1125 855 putamus
1173 769 1441 833 elucere
1490 780 1851 853 utramque
1900 768 2195 852 priorem
2242 766 2647 852 particulam
2688 768 2966 852 optime

809 877 1188 941 concinere.
1283 875 1467 940 Tota
1514 897 1677 939 vero
1738 895 2055 938 versuum
2116 873 2342 937 indole
2415 894 2497 937 eo
2544 873 2968 948 adducimur

808 996 882 1048 ut
954 1005 1088 1047 non
1161 982 1249 1048 ab
1321 983 1615 1047 dimidiis
1687 983 1873 1046 chori
1952 980 2260 1067 partibus
2340 1001 2455 1045 eos
2524 983 2964 1067 pronuntiari

811 1091 1185 1169 iubeamuS‚
1249 1091 1373 1155 sed
1421 1112 1461 1155 a
1510 1089 1798 1154 ducibus
1848 1089 2196 1174 utriusque
2244 1089 2634 1153 hemichori.
2732 1088 2963 1166 Quod

810 1198 1144 1263 subtiliter
1178 1198 1706 1261 enucleaverunt
1741 1197 1863 1259 viri
1897 1196 2081 1260 docti
2106 1193 2404 1258 Arnoldt
2437 1207 2503 1258 et
2530 1194 2956 1279 Zielinskil).

807 1305 979 1369 Mihi
1025 1305 1227 1369 liceat
1280 1304 1350 1367 id
1396 1325 1605 1367 unum
1654 1324 2185 1368 commemorare
2246 1302 2390 1365 fieri
2438 1323 2573 1366 non
2618 1323 2821 1387 posse
2876 1315 2960 1366 ut

808 1412 969 1475 illud
1016 1409 1095 1477 σύ
1141 1434 1209 1475 v.
1261 1415 1386 1476 237
1460 1411 1549 1474 ad
1608 1421 1826 1474 totum
1899 1413 2179 1473 chorum
2248 1411 2603 1494 pertineat.
2697 1408 2957 1473 Nonne

809 1519 985 1582 enim
1032 1519 1335 1603 ineptum
1384 1530 1589 1603 atque
1655 1517 2023 1581 absurdum
2087 1528 2188 1581 est
2236 1538 2553 1603 magnam
2601 1518 2957 1581 hominum

809 1626 1304 1690 multitudinem
1370 1637 1602 1712 ‘noctu
1649 1626 1972 1710 panariae
2040 1626 2375 1709 surripere
2425 1625 2724 1712 ligneum
2767 1647 2958 1690 mor-

808 1732 1115 1799 tarium'?
1192 1733 1459 1798 Idcirco
1508 1741 1715 1818 po'eta
1763 1732 2043 1812 adhibet
2091 1756 2153 1797 V.
2200 1737 2323 1798 237
2377 1754 2731 1797 numerum
2778 1734 2957 1798 dua-

808 1842 976 1906 lem:
1044 1845 1568 1929 περιπατοῦντες
1639 1852 1924 1926 uterque
1973 1840 2114 1903 dux
2161 1841 2461 1903 meminit
2508 1841 2705 1905 huius
2751 1841 2951 1905 facti.

808 1948 1070 2013 Versus
1121 1953 1470 2015 240—247
1537 1959 1724 2012 recte
1795 1946 2128 2011 Zielinski
2189 1948 2445 2012 addicit
2514 1950 2952 2035 coryphae03

808 2078 966 2120 nam
1035 2056 1177 2144 eius
1252 2068 1353 2119 est
1425 2055 1651 2119 denuo
1725 2076 1807 2119 ac
1876 2067 2223 2139 postremo
2293 2067 2367 2118 ut
2436 2067 2805 2141 properent
2879 2068 2953 2119 et

808 2144 1135 2228 festinent
1182 2164 1451 2228 sodales
1498 2164 1864 2228 adhortari.

945 2289 1274 2354 Versibus
1301 2294 1652 2355 248—258
1704 2290 2004 2353 exoritur
2050 2289 2427 2353 diverbium
2459 2291 2634 2354 inter
2667 2292 2949 2355 chorum

812 2409 880 2461 et
911 2418 1183 2482 puer05‚
1224 2397 1340 2482 qui
1373 2408 1658 2482 propter
1694 2396 2008 2461 tenebras
2040 2397 2393 2482 lampadas
2425 2418 2659 2461 secum
2691 2398 2945 2463 ferunt.

812 2504 1057 2591 Neque
1106 2505 1315 2568 multo
1378 2516 1535 2591 post
1583 2504 1741 2590 quia
1790 2504 1856 2566 hi
1905 2504 2055 2567 oleo
2116 2504 2406 2590 prodige
2477 2516 2800 2583 utuntur.
2856 2506 2945 2571 ab

811 2613 936 2677 illis
1028 2604 1458 2699 depelluntur
1477 2616 1546 2696 2).
1657 2612 1868 2677 Cuius
1961 2611 2245 2676 diverbii
2335 2614 2703 2698 participes
2797 2636 2949 2679 esse

812 2743 1018 2785 unum
1093 2722 1592 2807 coryphaeum,
1665 2742 1872 2784 unum
1937 2741 2222 2805 puerum
2289 2721 2421 2782 iam
2484 2719 2951 2805 probaverunt

812 2827 1017 2913 Muff
1069 2831 1163 2914 (p.
1221 2830 1326 2912 12)
1399 2840 1467 2892 et
1531 2827 1863 2891 Zielinski
1926 2830 2017 2913 (p.
2073 2832 2197 2893 134
2245 2850 2393 2914 sqq.
2460 2840 2528 2892 et
2574 2851 2641 2914 p.
2695 2831 2849 2911 269)
2874 2832 2945 2912 3).

814 2936 1083 3000 Chorus
1133 2937 1313 3000 solus
1365 2937 1430 2999 in
1479 2937 1829 3000 orchestra
1878 2948 2200 3000 remanet.
2279 2935 2542 2999 Versus
2593 2940 2942 3002 259-272

814 3066 949 3108 non
996 3042 1084 3108 ab
1132 3044 1376 3108 eadem
1422 3065 1718 3129 persona
1768 3044 1903 3108 dici
1952 3065 2153 3129 posse
2200 3043 2467 3108 difficile
2517 3066 2649 3108 non
2700 3055 2804 3107 est
2848 3045 2946 3107 in-

726 3150 729 3151 ’
814 3150 1109 3215 tellectu.
1205 3149 1390 3214 Nam
1439 3172 1592 3215 cum
1644 3141 1950 3215 versibus
2000 3156 2352 3217 259—265
2411 3153 2656 3215 chorus
2708 3153 2944 3217 credat

814 3256 1005 3322 brevi
1071 3280 1390 3344 magnum
1460 3258 1746 3322 imbrem
1812 3280 2125 3327 casurum
2193 3281 2377 3336 esse,
2445 3282 2531 3323 ex
2579 3261 2941 3345 improviso

815 3366 971 3429 inde
1021 3388 1060 3429 a
1107 3388 1306 3430 versu
1355 3371 1481 3432 266
1550 3368 1947 3452 quaestione
2013 3381 2162 3430 orta
2231 3366 2346 3430 ubi
2416 3367 2501 3430 sit
2547 3366 2940 3432 Philocleon

815 3472 1083 3537 sodales
1131 3472 1560 3558 appellantur
1607 3485 1681 3537 ut
1728 3475 2017 3537 amicum
2066 3487 2273 3538 cantu
2320 3497 2356 3537 e
2406 3475 2610 3538 domo
2652 3475 2939 3539 eliciant.

814 3581 1050 3666 Itaque
1131 3582 1387 3666 optimo
1464 3581 1606 3644 iure
1684 3582 2003 3666 proponit
2082 3581 2415 3645 Zielinski
2483 3582 2632 3646 illos
2714 3603 2943 3646 versus

816 3688 1079 3752 dexteri
1127 3689 1528 3766 hemichori,
1595 3690 1719 3752 hos
1784 3711 2014 3752 versus
2079 3690 2325 3754 sinistri
2374 3691 2743 3755 hemichori
2791 3690 2945 3754 duci

962 3971 1001 4039 ¹)
1040 3973 1285 4024 Arnoldt
1320 3991 1372 4038 p.
1416 3976 1443 4025 7
1485 3989 1622 4039 sqq„
1664 3975 1928 4024 Zielinski
1959 3992 2011 4039 p.
2052 3951 2155 4027 269
2196 3993 2314 4041 sqq.

963 4069 1001 4136 ¹²)
1044 4070 1115 4123 cf.
1158 4073 1421 4121 Zielinski
1453 4089 1506 4136 p.
1549 4074 1669 4124 135.

964 4166 1004 4236 ²³)
1045 4169 1117 4222 cf.
1171 4172 1346 4221 schol.
1405 4175 1535 4228 παῖς
1585 4169 1655 4223 δέ
1698 4190 1777 4229 τις
1823 4165 2303 4246 προηγορούμενος
2355 4168 2492 4247 μετὰ
2551 4166 2754 4244 λύχνου
2811 4194 2946 4251 προ-

820 4252 1069 4333 εωρακώς
1107 4252 1292 4329 πηλόν.
