3225 5192
1641 558 2088 619 —44-

925 746 1306 836 Postquam
1353 750 1634 815 chorum
1679 751 2182 837 interruperunt
2227 750 2574 839 Dionysus
2620 764 2691 817 et
2734 751 2932 818 Xan-

792 857 969 921 thias
1017 856 1283 921 duobus
1331 858 1648 922 trimetris
1697 857 1998 923 iambicis
2046 862 2180 941 (vv.
2230 864 2380 924 414.
2429 862 2609 942 415),
2677 860 2929 946 quibus

790 972 998 1049 poeta
1044 964 1429 1028 auditorum
1488 967 1748 1029 animos
1809 966 2004 1051 quasi
2057 967 2150 1030 ad
2195 988 2444 1030 novam
2491 967 2782 1031 actionis
2828 969 2930 1032 in-

792 1072 1113 1136 cisionem
1146 1074 1453 1149 intendit,
1498 1086 1874 1158 sequuntur
1905 1075 2019 1159 qui
2051 1076 2481 1138 nominantur
2513 1075 2923 1165 γεφυρισμοί.

787 1179 897 1242 Ex
963 1191 1107 1242 tota
1168 1180 1405 1243 horum
1469 1181 1840 1244 carminum
1900 1202 2188 1267 quorum
2251 1184 2395 1246 seni
2454 1204 2689 1247 versus
2749 1184 2929 1248 inter

788 1307 937 1349 sese
974 1287 1315 1350 coniuncti
1347 1298 1502 1350 sunt
1538 1300 1777 1351 natura
1811 1287 2008 1352 facile
2034 1288 2347 1354 concludi
2378 1301 2608 1374 potest
2640 1291 2924 1354 chorum

789 1395 959 1459 duas
1029 1397 1096 1459 in
1164 1409 1395 1480 partes
1467 1396 1858 1474 discedere,
1930 1398 2022 1461 ita
2083 1409 2156 1460 ut
2216 1399 2485 1483 utrique
2543 1400 2720 1484 parti
2768 1399 2922 1462 trini

690 1532 695 1539 ·
790 1525 1025 1567 versus
1072 1502 1411 1568 tribuendi
1460 1506 1610 1568 sint.
1706 1504 1964 1569 Omnes
2031 1506 2176 1568 fere
2246 1505 2366 1568 viri
2433 1505 2619 1570 docti
2684 1507 2923 1570 volunt

786 1612 959 1675 haec
1021 1612 1318 1675 carmina
1381 1634 1422 1674 a
1484 1623 1632 1675 toto
1694 1613 1905 1676 choro
1966 1624 2082 1675 aut
2142 1610 2231 1676 ab
2292 1612 2696 1677 hemichoris
2763 1633 2924 1677 can-

789 1719 1008 1803 tatis).
1103 1717 1233 1781 Cui
1292 1719 1669 1782 sententiae
1734 1720 1992 1804 primus
2053 1717 2350 1782 Arnoldt
2413 1722 2506 1804 (p.
2561 1724 2705 1785 158.
2761 1722 2921 1806 160)

789 1846 1178 1911 repugnans
1209 1847 1444 1888 versus
1478 1830 1852 1902 416—418‚
1903 1830 2276 1904 422-424,
2327 1832 2680 1893 428-430
2722 1849 2924 1915 cory-

786 1933 1030 2017 phaeo,
1080 1953 1315 1994 versus
1362 1937 1737 2009 419—421,
1788 1938 1994 1998 425-
2012 1938 2138 1997 427
2189 1934 2397 1997 choro
2430 1935 2705 1998 addicit.
2777 1934 2921 2000 Sed

786 2040 989 2103 etiam
1058 2040 1180 2101 has
1253 2039 1541 2103 antodas
1613 2060 1861 2102 censeo
1933 2041 2191 2104 cantari
2262 2039 2351 2104 ab
2423 2063 2557 2104 una
2624 2061 2921 2125 persona

784 2148 824 2210 i.
877 2168 933 2210 e.
983 2169 1023 2209 a
1072 2146 1425 2210 mulierum
1470 2147 1840 2211 hemichori
1888 2148 2087 2225 duce,
2155 2149 2346 2212 cuius
2392 2161 2622 2233 partes
2669 2148 2831 2213 inde
2880 2170 2920 2212 a

783 2275 983 2316 versu
1032 2258 1154 2318 431
1221 2254 1728 2339 quodammodo
1775 2254 2120 2340 Dionysus
2183 2268 2252 2318 et
2307 2254 2648 2319 Xanthias
2710 2257 2922 2320 susci-

784 2362 996 2445 piunt.
1091 2361 1372 2424 Minime
1436 2374 1665 2426 autem
1711 2364 2059 2447 utriusque
2125 2363 2492 2426 hemichori
2551 2364 2725 2427 haec
2772 2383 2921 2427 car-

785 2469 962 2532 mina
1027 2490 1175 2532 esse
1238 2471 1368 2533 iam
1434 2470 1591 2534 inde
1643 2471 1928 2535 efficitur
1988 2471 2176 2556 quod
2235 2492 2369 2534 non
2434 2492 2652 2556 aeque
2710 2482 2917 2557 atque

784 2588 986 2640 antea
1035 2578 1315 2641 canticis
1364 2580 1734 2642 tetrametri
1782 2579 2226 2663 praecedunt,
2274 2577 2518 2663 quibus
2565 2590 2640 2641 ut
2685 2589 2917 2642 cantet

783 2684 1027 2748 chorus
1091 2706 1130 2746 a
1193 2684 1482 2748 ducibus
1550 2686 1904 2749 excitatur.
1999 2685 2232 2770 Atque
2295 2697 2397 2749 est
2460 2699 2644 2749 certe
2707 2685 2914 2748 multo

784 2792 1201 2855 verisimilius
1248 2791 1627 2880 Dionysum
1679 2793 2080 2877 intercipere
2132 2792 2579 2858 amoebaeum
2629 2793 2915 2857 duarum

783 2919 1224 2982 personarum
1273 2921 1476 2984 quarn
1524 2901 1871 2985 utriusque
1922 2901 2383 2981 hemichori2).
2465 2898 2915 2987 Coryphaeus

783 3003 896 3068 ubi
947 3005 1150 3068 odam
1196 3007 1409 3069 finivit
1470 3007 1564 3090 (v,
1618 3010 1813 3089 430),
1886 3007 2259 3072 amoebaeo
2321 3008 2496 3070 inter
2554 3019 2914 3091 utrumque

782 3112 1028 3176 ducem
1098 3114 1512 3198 interrupto,
1582 3115 1705 3178 sed
1775 3126 2113 3178 structura
2183 3114 2463 3177 metrica
2533 3124 2802 3176 servata
2874 3135 2914 3175 a

782 3403 927 3451 auch
967 3405 1068 3453 mit
1107 3403 1507 3451 Hemichorien
1548 3401 1753 3463 durch3
1812 3419 1937 3451 man
1996 3404 2268 3452 brauchte
2317 3403 2471 3452 bloss
2509 3404 2912 3465 anzunehmen,

783 3494 908 3542 dass
949 3494 1236 3559 Dionysos
1276 3508 1402 3541 zum
1443 3493 1651 3541 dritten
1681 3493 1827 3542 Male
1868 3492 2197 3557 angerufen‚
2238 3496 2390 3542 seine
2421 3493 2720 3558 Ungeduld
2759 3495 2914 3542 nicht

783 3584 940 3632 mehr
979 3582 1289 3632 bezahmen
1329 3583 1475 3631 kann
1514 3582 1627 3630 und
1667 3582 1841 3631 durch
1871 3585 1989 3631 sein
2010 3584 2575 3633 Dazwischentreten
2616 3583 2705 3632 die
2733 3585 2911 3632 vierte

782 3672 1024 3737 Strophe
1066 3673 1220 3721 nicht
1261 3688 1327 3720 zu
1369 3672 1578 3722 Stande
1619 3672 1888 3721 kommen
1925 3672 2077 3721 liisst'
2101 3673 2184 3737 (Ρ).

926 3778 964 3843 ¹)
1006 3778 1077 3828 cf.
1116 3780 1402 3829 Fritzsche
1440 3795 1491 3843 p.
1538 3782 1656 3842 197,
1699 3780 1865 3847 Muff
1892 3797 1945 3843 p.
1986 3782 2070 3831 28.
2115 3767 2231 3842 1'69,
2274 3781 2536 3829 Zielinski
2568 3795 2621 3844 p.
2664 3782 2763 3830 147
2792 3795 2912 3844 sqq.

924 3883 963 3949 ⁴²)
1002 3884 1245 3935 Arnoldt
1281 3902 1333 3949 p.
1365 3888 1496 3936 160:
1537 3887 1850 3951 ‘Nachdem
1892 3887 2133 3936 niimlich
2176 3887 2274 3936 der
2314 3887 2662 3936 Chorfiihrer
2701 3888 2804 3936 430
2842 3902 2909 3934 zu

780 3975 975 4039 singen
1015 3973 1278 4023 aufhorte
1318 3974 1557 4023 undft’ir
1596 3977 1765 4024 kurze
1795 3978 1923 4025 Zeit
1962 3977 2120 4027 Stille
2162 3979 2383 4038 eintrat,
2423 3976 2584 4025 redet
2622 3977 2911 4041 Dionysos

781 4064 888 4113 den
929 4063 1278 4113 Chorfiihrer
1316 4081 1415 4127 an,
1474 4067 1650 4115 bevor
1700 4066 1799 4116 der
1840 4069 1993 4116 Chor
2052 4068 2263 4116 diesem
2314 4073 2636 4117 antworten
2682 4068 2909 4116 konnte.

780 4155 1059 4218 Dagegen
1114 4153 1324 4202 konnte
1372 4155 1663 4221 Dionysos
1722 4156 2045 4221 unmoglich
2105 4157 2211 4205 den
2270 4156 2680 4222 vollstandigen
2734 4156 2909 4207 Chor-

783 4258 997 4310 gesang
1036 4243 1483 4297 unterbrechen'.
