3225 5192
1185 552 1627 628 »sl-

341 758 691 834 universus
737 779 1114 843 permagno
1162 758 1401 821 timore
1451 759 1791 822 cruciatus
1840 757 2083 821 eodem
2129 770 2347 822 metro
2390 778 2473 820 ac

343 887 541 929 versu
590 869 716 930 285
766 886 938 950 sqq.,
1002 886 1136 950 quo
1187 864 1553 928 efficaciter
1600 864 2144 928 Acharnensium
2194 887 2356 929 cura
2406 879 2475 928 et

341 972 722 1037 sollicitudo
795 972 1169 1057 effingitur,
1239 970 1715 1056 Dicaeopolidi
1784 972 2121 1056 supplicat
2192 994 2277 1035 ne
2348 971 2475 1036 sibi

343 1080 757 1142 carissimum
797 1079 1080 1163 eripiat.
1173 1076 1504 1142 Libenter
1551 1079 1936 1142 concedunt
1997 1090 2073 1141 ut
2119 1079 2205 1142 de
2253 1078 2475 1143 Lace-

343 1185 714 1249 daemoniis
779 1186 1095 1270 loquatur
1157 1185 1521 1270 6quomodo
1589 1186 1651 1248 ei
1695 1183 1987 1270 placeat'
2056 1197 2262 1271 atque
2331 1187 2473 1250 sine

342 1314 561 1369 mora,
619 1291 732 1355 ubi
781 1292 889 1355 ille
936 1292 1239 1378 gladium
1288 1293 1576 1378 vaginae
1625 1291 1956 1370 reddidit,
2020 1293 2284 1377 lapides
2332 1292 2476 1357 abi-

342 1401 547 1463 ciunt.

476 1532 660 1596 Num
707 1555 870 1597 vero
918 1534 1049 1597 1100
1098 1555 1369 1619 quoque
1419 1534 1570 1597 loco
1617 1546 1933 1618 putemus
1983 1536 2263 1598 chorum
2305 1534 2474 1598 duas

343 1641 410 1703 in
478 1653 707 1724 partes
778 1641 1166 1719 discedere,
1238 1642 1307 1704 id
1373 1642 1533 1704 mihi
1599 1642 1891 1704 maxime
1958 1643 2288 1705 incertum
2351 1654 2471 1705 est.

343 1746 556 1823 Quod
632 1770 1043 1833 quamquam
1120 1748 1302 1812 nullo
1380 1762 1784 1835 argumento
1864 1749 2069 1813 allato
2149 1749 2482 1812 Zielinski

342 1855 605 1931 statuit,
669 1868 894 1917 tamen
941 1878 983 1918 a
1031 1868 1173 1918 toto
1222 1858 1430 1919 choro
1479 1837 1838 1941 utrumque
1889 1878 2164 1920 carmen
2212 1858 2474 1920 cantari

341 1982 736 2045 persuasum
786 1961 1044 2038 habeo;
1115 1984 1306 2040 nam,
1373 1975 1447 2025 ut
1496 1986 1703 2027 unum
1751 1965 2075 2040 afferam,
2142 1963 2287 2026 fieri
2334 1985 2469 2026 non

339 2069 640 2153 potuisse
704 2081 873 2154 puto
939 2082 1013 2133 ut
1078 2070 1356 2134 dimidia
1436 2083 1699 2135 tantum
1766 2073 1953 2135 chori
2017 2094 2176 2156 pars
2247 2070 2471 2134 verbis

342 2175 740 2242 ἐκσέσεισται
805 2173 1037 2263 χαμᾶζ’
1089 2204 1148 2243 κ.
1196 2204 1252 2243 τ.
1303 2180 1359 2243 λ.
1435 2179 1887 2256 exclamaret,
1959 2179 2172 2242 altera
2245 2191 2473 2242 autem

343 2285 528 2348 chori
560 2307 719 2370 pars
752 2286 1085 2348 silentium
1118 2297 1401 2348 teneret.
1462 2284 1669 2349 Certe
1703 2286 1912 2348 multo
1946 2286 2162 2371 magis
2196 2285 2476 2348 audien-

343 2392 507 2454 tium
569 2392 773 2454 animi
833 2390 1473 2468 commovebantur,
1537 2393 1591 2455 si
1655 2394 1785 2455 hoc
1836 2393 2177 2456 canticum
2239 2415 2279 2456 a
2327 2404 2472 2456 toto

343 2497 551 2561 choro
600 2497 1183 2582 pronuntiabatur.

475 2629 555 2693 In
586 2630 647 2693 E
671 2651 708 2694 c
730 2652 767 2694 c
788 2631 864 2695 le
885 2633 1018 2695 sia
1039 2655 1075 2695 z
1096 2656 1141 2695 u
1161 2654 1192 2696 s
1214 2656 1254 2696 a
1277 2657 1308 2695 r
1329 2657 1370 2696 u
1393 2657 1459 2696 m
1499 2635 1716 2718 prima
1751 2635 2013 2720 parodo
2045 2635 2468 2720 praecedunt

342 2750 664 2823 quattuor
697 2742 1068 2804 tetrametri
1102 2741 1345 2827 quibus
1381 2745 1625 2806 chorus
1659 2755 1732 2805 ut
1767 2743 1961 2806 citius
1993 2743 2472 2829 progrediatur

344 2848 697 2911 excitatur.
770 2848 967 2925 Quos
1003 2872 1233 2914 versus
1280 2874 1322 2914 a
1355 2852 1746 2938 coryphaeo
1796 2851 1930 2915 dici
1975 2874 2100 2936 per
2132 2873 2204 2915 se
2237 2852 2467 2937 liquet.

341 2952 597 3017 Eorum
666 2977 842 3041 quae
912 2958 1289 3022 succedunt
1356 2959 1776 3022 canticorum
1848 2971 2160 3022 neutrum
2221 2981 2260 3022 a
2326 2972 2469 3023 toto

343 3063 551 3126 choro
578 3075 922 3128 cantatum
949 3087 1096 3129 esse
1122 3066 1409 3129 videtur.
1455 3065 1698 3128 Altero
1726 3067 1901 3128 enim
1926 3067 2061 3148 (vv.
2090 3068 2469 3149 289—299)

344 3169 710 3233 Choreutae
788 3173 915 3257 ipsi
984 3186 1057 3237 ut
1126 3175 1453 3237 festinent
1528 3175 1703 3237 inter
1779 3196 1927 3237 sese
2006 3175 2468 3251 cohortantur,

343 3275 555 3370 altero
628 3279 922 3341 carmine
973 3278 1410 3367 Praxagorae
1475 3282 1685 3346 verba
1754 3280 1867 3349 τὸν
1925 3280 2174 3369 τρόπον
2233 3280 2472 3367 μιμού-

340 3409 528 3468 μεναι
594 3382 707 3450 τὸν
775 3390 902 3451 τῶν
971 3383 1290 3475 ἀγροίκων
1359 3405 1839 3475 exsequuntur.
1960 3392 2197 3477 Itaque
2269 3391 2471 3455 odam

341 3491 522 3554 illam
568 3493 960 3575 hemichoro
1010 3494 1326 3573 dexterO,
1392 3500 1716 3562 antodam
1765 3500 2154 3563 hemichoro
2204 3499 2470 3562 sinistro

343 3598 898 3664 adiudicabimuS.
949 3601 1173 3665 Versu
1202 3609 1329 3668 310
1357 3607 1600 3667 chorus
1627 3607 1942 3691 relinquit
1968 3607 2387 3669 orchestram
2404 3607 2471 3689 1).

486 3891 526 3958 1)
565 3894 809 3943 Arnoldt
833 3910 886 3958 p.
909 3897 974 3945 99
996 3910 1114 3959 sqq.
1137 3894 1522 3944 demonstrare
1551 3901 1787 3944 conatus
1816 3903 1900 3944 est
1923 3910 2088 3944 versu
2113 3897 2215 3946 289
2238 3896 2474 3944 chorum

344 3983 635 4031 mulierum
675 3987 1010 4034 rusticarum
1050 3987 1399 4035 orchestram
1441 3986 1660 4050 ingredi
1698 4001 1763 4035 ac
1805 3988 2048 4034 carmine
2090 3990 2318 4034 cantato
2347 4001 2472 4034 sese

344 4087 567 4136 quoque
608 4072 865 4122 conferre
904 4075 975 4123 ad
1015 4077 1329 4127 ecclesiam.
1406 4076 1517 4126 Sed
1556 4080 1712 4126 recte
1763 4090 1886 4124 mea
1927 4075 2152 4139 quidem
2193 4076 2473 4122 sententia

345 4162 510 4229 Muff
554 4177 606 4225 p.
650 4164 750 4212 170
791 4178 909 4227 sqq.
964 4165 1261 4228 explicavit
1320 4169 1600 4216 canticum
1658 4167 1791 4215 illud
1852 4167 2071 4215 nonnisi
2123 4166 2194 4214 ab
2246 4164 2473 4213 urbanis

344 4253 668 4302 mulieribus
720 4256 841 4301 cani
894 4269 1078 4317 posse.
1154 4257 1326 4317 Nam,
1385 4262 1445 4305 ut
1498 4263 1688 4307 cetera
1736 4252 2022 4319 omittam,
2076 4271 2218 4320 quae
2260 4257 2472 4306 obiecit

2086 4368 2150 4416 4*
