3225 5192
1177 568 1265 580 .-
1357 526 1443 599 23
1525 468 1624 581 ’.-

471 728 548 794 In
594 727 1053 795 Ranarum
1113 728 1377 816 parodo
1444 728 1688 794 eadem
1750 729 1899 794 fere
1960 751 2067 795 res
2113 729 2469 817 singularis

339 838 755 924 conspicitur
801 850 1008 924 atque
1055 838 1123 901 in
1155 836 1472 902 Nubibus
1513 849 1582 902 et
1612 836 1915 917 Avibus3
1964 860 2119 903 nam
2169 851 2245 903 ut
2291 840 2470 904 infra

337 945 989 1024 demonstrabimuS‚
1070 946 1273 1010 etiam
1341 947 1471 1010 hac
1550 947 1619 1009 in
1687 946 1922 1011 fabula
1988 948 2204 1032 prima
2283 948 2470 1012 chori

337 1055 602 1119 cantica
632 1066 825 1119 extra
849 1046 1185 1139 parodum
1211 1055 1600 1118 orchestrae
1627 1055 2165 1139 pronuntiantur.
2201 1053 2469 1119 Idcirco

337 1163 658 1249 quoniam
731 1162 918 1226 chori
989 1162 1319 1248 ingressio
1388 1162 1498 1225 vel
1567 1161 1869 1247 parodus
1941 1183 2100 1225 vere
2169 1160 2469 1226 nondum
2575 1244 2588 1251 ἱ

337 1271 610 1355 incepit,
660 1270 1008 1358 Dionysus
1056 1281 1124 1333 et
1156 1268 1498 1333 Xanthias
1545 1290 1751 1354 porro
1801 1269 2116 1333 trimetris
2164 1268 2469 1333 iambicis

336 1377 515 1440 inter
545 1398 694 1441 sese
728 1377 1096 1462 loquuntur
1130 1378 1264 1459 (νν.
1295 1379 1670 1452 318-322,
1720 1378 2119 1458 337—339).
2167 1375 2467 1440 Metrum
2581 1454 2582 1457 Ἴ

336 1505 500 1547 vero
550 1484 990 1560 canticorum,
1039 1504 1214 1568 quae
1250 1502 1480 1546 secum
1511 1504 1788 1568 prorsus
1820 1494 2222 1570 congruunt,
2271 1504 2471 1568 prae-

338 1592 536 1677 cipue
608 1591 1058 1677 compositum
1129 1603 1231 1654 est
1302 1612 1388 1654 ex
1451 1590 1686 1654 ionicis
1748 1612 1788 1655 a
1861 1591 2155 1667 minore,
2224 1590 2468 1677 quibus

335 1699 621 1763 bacchei
688 1711 757 1763 et
804 1720 975 1763 unus
1025 1698 1316 1762 creticus
1364 1697 1649 1762 admixti
1696 1709 1870 1761 sunt.
1969 1698 2263 1761 Demum
2309 1697 2466 1761 inde

335 1828 374 1870 a
423 1828 625 1870 versu
675 1811 802 1871 354
866 1807 1295 1870 inveniuntur
1364 1805 1739 1869 tetrametri
1801 1806 2219 1891 anapaestici
2282 1817 2469 1870 cata-

334 1914 593 1989 lectici3
673 1935 843 1999 quos
915 1914 1259 1998 excipiunt
1329 1934 1528 1977 versu
1590 1917 1671 1978 37
1681 1917 1718 1978 2
1790 1913 1926 1976 duo
1997 1913 2468 1998 anapaestico-

334 2019 710 2106 spondiaca
744 2021 1012 2085 cantica
1062 2042 1238 2106 quae
1286 2021 1461 2084 inter
1493 2041 1564 2083 se
1613 2020 1816 2105 plane
1865 2021 2280 2105 respondent
2329 2022 2462 2103 (vv.

336 2131 416 2193 37
426 2132 639 2193 2-37
650 2133 683 2193 7
714 2158 797 2182 =
826 2132 906 2192 37
917 2132 950 2192 7
958 2129 1274 2213 a—381).
1324 2126 1398 2190 In
1432 2128 1527 2191 eis
1552 2148 1729 2213 quae
1761 2128 2140 2192 succedunt
2164 2127 2467 2190 animad-

333 2235 658 2298 vertimus
705 2235 1279 2320 sempersstliquot
1326 2246 1758 2299 tetrametros
1816 2234 2223 2299 carminibus
2270 2256 2467 2320 prae-

333 2341 466 2418 ire,
529 2341 623 2406 ita
669 2353 744 2405 ut
790 2342 962 2406 duos
1011 2352 1441 2406 tetrametros
1502 2342 1976 2427 anapaesticos
2027 2343 2464 2407 catalecticos

335 2450 468 2531 (vv.
520 2450 897 2531 382-383)
959 2449 1096 2512 duo
1144 2460 1516 2536 systemata
1575 2447 1863 2512 iambica
1927 2450 2060 2531 (vv.
2112 2453 2462 2516 384—388

336 2585 417 2610 =
446 2578 552 2620 VV.
577 2558 978 2639 389—393),
1013 2556 1185 2619 duos
1216 2567 1646 2619 tetrametros
1670 2555 1997 2619 iambicos
2022 2556 2464 2620 dicatalectos

333 2662 462 2725 tria
539 2674 911 2748 systemata
989 2661 1277 2727 iambica
1374 2665 1753 2746 (397-403
1819 2692 1900 2717 =
1964 2666 2315 2729 404—408
2379 2693 2462 2717 =

333 2773 684 2836 409—413
734 2771 824 2835 cf.
862 2770 1056 2834 Kock
1087 2772 1195 2835 ed.
1229 2793 1296 2856 p.
1326 2775 1410 2836 94
1442 2774 1569 2856 sq.)
1621 2770 2137 2857 subsequantur.
2203 2770 2464 2835 Versus

334 2880 683 2942 414—415
755 2889 909 2941 sunt
975 2879 1258 2941 trimetri
1324 2876 1617 2942 iambici.
1711 2877 2053 2942 Versuum
2109 2882 2461 2944 416--439

334 3005 370 3046 e
434 2984 723 3069 pedibus
790 2984 1094 3049 iambicis
1165 2985 1696 3071 compositorum
1765 2986 1917 3049 trini
1987 3007 2220 3050 versus
2288 2987 2466 3050 inter

331 3111 479 3154 sese
529 3093 896 3155 cohaerent
946 3095 1080 3176 (VV.
1125 3095 1475 3158 416—418
1528 3123 1611 3147 =
1662 3115 1768 3157 vv.
1820 3096 2164 3159 419—-421
2222 3123 2303 3148 =
2351 3116 2461 3159 vv.

333 3204 701 3265 422—424
761 3231 844 3255 =
902 3224 1009 3263 vv.
1061 3205 1428 3266 425—427
1493 3231 1575 3256 =
1633 3224 1742 3265 vv.
1792 3204 2161 3267 428—430
2219 3232 2303 3256 =
2353 3224 2459 3264 vv.

333 3308 682 3371 431—433
735 3337 816 3362 =
874 3330 981 3370 νν.
1033 3312 1383 3374 434-436
1435 3338 1517 3363 =
1574 3331 1685 3372 vv.
1737 3310 2135 3391 437—439).
2236 3307 2463 3373 Versu

332 3417 461 3479 440
509 3435 678 3478 voce
724 3420 987 3502 χωρεῖτε
1045 3415 1506 3499 praecedente
1569 3414 1794 3480 denuo
1855 3415 2050 3480 nobis
2100 3427 2464 3480 occurrunt

331 3532 652 3605 quattuor
697 3522 1072 3585 tetrametri
1142 3521 1412 3586 iambici
1483 3522 1906 3599 dicatalecti,
1986 3521 2231 3608 quibus
2302 3543 2464 3587 con-

331 3630 675 3694 tinuantur
736 3629 872 3693 duo
935 3641 1308 3715 systemata
1371 3651 1408 3693 e
1465 3628 1733 3694 duobus
1797 3630 2097 3694 dimetris
2159 3629 2462 3695 iambicis

332 3736 737 3819 (acatalecto
787 3749 855 3800 et
903 3736 1369 3819 catalectico),
1435 3736 1650 3801 tribus
1697 3737 2051 3823 glyconeis
2100 3758 2253 3802 cum
2300 3759 2463 3801 ana-

330 3844 528 3921 crusi,
576 3866 711 3908 uno
758 3845 1204 3929 pherecrateo
1253 3864 1408 3908 cum
1457 3845 1770 3909 anacrusi
1822 3848 1956 3929 (vv.
1987 3850 2340 3911 448—453
2375 3875 2459 3901 =

328 3972 434 4015 vv.
485 3953 886 4035 454—459).

460 4091 775 4156 Vidimus
839 4093 1044 4180 igitur
1107 4094 1417 4159 omnibus
1472 4093 1751 4180 parodis
1812 4094 2198 4159 ineuntibus
2256 4104 2462 4157 tetra-

325 4211 580 4263 metros
645 4200 970 4264 exsistere
1038 4221 1289 4288 eosque
1350 4203 1581 4266 metris
1645 4201 1898 4267 melicis
1958 4202 2276 4265 immixtis
2335 4221 2462 4288 per
