3225 5192
1149 540 1586 600 -15-

310 732 703 808 mutatione,
755 731 1010 822 quippe
1059 751 1235 815 quae
1286 730 1472 793 chori
1524 750 1797 793 recessu
1845 750 1981 792 non
2023 730 2443 793 manifestior

311 861 459 903 esse
508 850 801 923 poterat,
851 836 966 900 ubi
1013 838 1099 900 sit
1146 836 1387 921 parodi
1419 836 1587 899 finis.
1669 835 2045 920 Postquam
2077 858 2278 899 versu
2314 841 2441 901 310

308 958 382 1008 ut
431 946 496 1007 in
546 945 929 1008 contionem
978 943 1448 1027 proficiscatur
1513 943 1759 1006 chorus
1809 943 2226 1006 orchestram
2294 943 2444 1006 reli-

310 1052 489 1137 quit,
560 1051 717 1115 inde
779 1074 819 1114 a
868 1052 1176 1135 sequenti
1223 1072 1424 1113 versu
1487 1072 1692 1135 quam
1741 1049 2113 1138 Blepyrus‚
2186 1049 2444 1114 Praxa-

309 1181 520 1246 gorae
595 1160 875 1240 coniux,
946 1180 1230 1221 uxorem
1294 1180 1485 1221 suam
1555 1158 1755 1221 valde
1829 1158 2171 1221 desideret
2237 1170 2443 1243 poeta

309 1268 855 1332 ridiculosissime
891 1266 1235 1330 describit.
1309 1266 1461 1330 Hoc
1510 1267 1717 1352 igitur
1763 1266 1914 1330 loco
1963 1289 2178 1330 novus
2227 1280 2443 1344 actuS‚
2527 1330 2534 1337 ,

310 1376 425 1461 qui
487 1386 774 1438 vocatur
839 1386 1067 1437 nostra
1129 1385 1392 1450 aetate,
1464 1374 1719 1458 incipit.
1815 1372 2137 1436 Similiter
2198 1395 2305 1437 res
2370 1395 2443 1437 se

310 1482 519 1546 habet
568 1482 634 1545 in
683 1483 895 1545 altera
945 1482 1138 1545 huius
1189 1480 1465 1545 fabulae
1513 1481 1815 1566 parod0‚
1888 1482 2076 1544 cuius
2123 1493 2280 1566 post
2329 1503 2446 1544 ex-

311 1602 597 1655 tremum
647 1610 918 1652 versum
950 1587 1290 1676 Blepyrus
1341 1611 1376 1651 e
1428 1589 1632 1673 domo
1682 1610 1909 1652 rursus
1944 1611 2280 1674 egreSSUS‚
2328 1588 2444 1653 ubi

309 1712 580 1762 noctem
628 1699 894 1784 degerit
947 1719 1031 1760 ex
1080 1698 1446 1782 improviso
1489 1719 1773 1760 uxorem
1821 1698 2215 1783 interrogat.
2284 1698 2444 1774 Qua

311 1828 351 1869 a
398 1806 633 1869 fabula
694 1806 875 1869 haud
941 1805 1222 1868 multum
1281 1805 1627 1888 discrepat
1678 1802 2004 1867 Plutus.
2100 1804 2280 1867 Nam
2329 1803 2445 1868 ubi

309 1914 600 1998 primum
643 1912 847 1976 Cario
898 1923 963 1975 et
1014 1913 1259 1976 chorus
1308 1933 1507 1974 versu
1543 1916 1664 1976 321
1722 1931 1967 1974 canere
2017 1911 2444 1989 destiterunt,

310 2042 511 2083 versu
560 2025 686 2085 322
760 2042 796 2082 e
865 2019 1068 2083 domo
1135 2020 1456 2104 prodiens
1528 2019 1897 2104 populares
1967 2019 2147 2082 laeto
2220 2020 2443 2083 animo

310 2128 559 2190 salutat
604 2129 911 2212 petitque
944 2139 1018 2190 ut
1068 2148 1320 2212 ‘secum
1363 2127 1473 2190 dei
1506 2138 1892 2190 servatores
1924 2125 2109 2189 fiant’
2146 2128 2235 2209 (v.
2266 2131 2441 2211 327).

445 2234 740 2298 Restant
767 2256 887 2298 eae
916 2233 1213 2311 fabulae,
1238 2256 1525 2319 quarum
1551 2235 1885 2318 parodum
1912 2256 2094 2320 agon
2120 2236 2441 2320 sequitur.

309 2341 542 2405 Facile
590 2341 1001 2426 intellegitur
1048 2341 1149 2403 his
1198 2341 1263 2402 in
1310 2340 1580 2418 fabulis,
1648 2363 1932 2426 quarum
1982 2343 2161 2406 actio
2209 2344 2275 2405 in
2323 2366 2446 2428 pa-

310 2451 479 2514 rodo
529 2462 938 2534 praeparata
999 2450 1066 2511 in
1113 2471 1335 2534 agone
1383 2450 1854 2536 progreditur,
1917 2451 2252 2515 artissimo
2302 2453 2446 2514 vin-

311 2559 463 2622 culo
535 2559 837 2621 actiones
908 2558 1083 2619 inter
1151 2579 1298 2621 sese
1373 2559 1739 2622 cohaerere
1813 2559 1906 2622 ita
1985 2571 2057 2622 ut
2127 2581 2303 2644 quae
2377 2561 2444 2622 in

313 2666 555 2730 ceteris
581 2664 829 2728 fabulis
863 2663 1380 2728 inveniebantur
1405 2666 1763 2730 incisiones
1788 2667 1898 2730 hic
1922 2688 2143 2751 paene
2172 2668 2444 2731 omnino

311 2773 552 2837 desint.

444 2881 746 2945 Maxime
781 2883 1056 2968 quidem
1092 2882 1426 2946 dilucidus
1478 2893 1579 2944 est
1615 2880 1933 2943 transitus
1983 2881 2048 2943 in
2085 2879 2252 2944 Ves
2273 2881 2403 2965 pis
2428 2930 2445 2959 ‚

310 2986 427 3051 ubi
475 2987 924 3053 Philocleonis
992 2991 1333 3054 canticum
1393 2990 1567 3051 inter
1633 2987 1969 3072 parodum
2037 3000 2104 3051 et
2152 3010 2446 3074 agonem

310 3097 778 3181 interpositum
827 3110 948 3161 est.
1043 3096 1225 3160 Nam
1271 3097 1665 3181 priusquam
1728 3116 1910 3180 agon
1975 3096 2121 3181 ipse
2183 3096 2445 3158 initium

313 3205 574 3288 capiat,
654 3205 761 3267 ille
835 3227 920 3268 ex
990 3206 1294 3267 fenestra
1366 3202 1641 3288 obliqua
1712 3203 2045 3266 sodalium
2123 3204 2445 3267 auxilium

309 3311 602 3374 invocat.
698 3309 861 3373 Inde
929 3323 1156 3374 autem
1229 3311 1315 3374 ab
1380 3312 1510 3374 hoc
1574 3312 1877 3387 cantiCO,
1950 3311 2135 3396 quod
2205 3312 2444 3397 agonis

310 3415 782 3502 subsequentis
851 3419 1042 3507 quasi
1104 3419 1524 3503 prooemium
1592 3432 1726 3495 est,
1797 3440 2043 3482 novam
2108 3419 2445 3482 actionem

311 3525 612 3588 incohari
661 3525 863 3588 etiam
920 3521 986 3588 C.
1037 3524 1271 3611 Agtlze
1317 3538 1503 3589 recte
1555 3526 1905 3589 contendit
1924 3528 1994 3608 l).

457 3775 495 3840 ¹)
537 3776 609 3825 cf.
648 3778 838 3843 Agtlee
888 3793 940 3841 p.
986 3780 1111 3827 118:
1170 3777 1286 3841 ‘der
1335 3792 1500 3826 verus
1555 3776 1796 3840 episodii
1853 3776 2035 3826 tenor'
2090 3804 2150 3813 -——
2207 3777 2446 3840 explicat

312 3868 396 3915 vir
437 3866 637 3916 doctus
677 3897 737 3903 -
783 3868 959 3933 ‘fangt
1001 3867 1419 3916 unzweifelhaft
1461 3868 1550 3915 bei
1591 3868 1660 3916 V.
1702 3869 1802 3917 317
1845 3869 1931 3928 an,
1985 3883 2075 3915 wo
2117 3868 2447 3916 Philocleon

310 3957 577 4020 plotzlich
616 3973 714 4006 aus
755 3960 936 4007 einem
975 3959 1170 4006 Loche
1210 3957 1400 4022 guckt,
1442 3957 1548 4006 den
1577 3958 1731 4006 Chor
1771 3959 1872 4005 mit
1907 3957 2065 4023 φίλοι
2103 3956 2291 4005 anruft
2332 3957 2445 4004 und

311 4047 426 4094 ihm
463 4047 845 4113 jammerliche
872 4048 1226 4113 Jeremiaden
1266 4049 1404 4097 iiber
1446 4049 1598 4096 seine
1630 4046 2117 4112 Gesangenschaft
2156 4063 2224 4095 zu
2264 4047 2444 4095 h6ren

311 4138 486 4203 giebt.
560 4138 695 4186 Hier
743 4137 975 4204 beginnt
1025 4138 1123 4187 das
1172 4138 1479 4202 Episodion
1508 4138 1595 4204 (1),
1650 4138 1780 4187 weil
1827 4138 1951 4187 hier
2001 4135 2090 4186 die
2143 4136 2444 4203 Handlung

312 4227 524 4277 wieder
561 4226 998 4294 ausgenommen
1037 4228 1148 4277 und
1184 4227 1523 4294 fortgesetzt
1562 4227 1821 4278 worden:
1864 4229 1970 4278 wie
2010 4227 2158 4278 kann
2186 4225 2443 4279 dasselbe
