3225 5192
1720 598 2161 663 -53....

878 812 1014 857 non
1060 792 1297 878 possit,
1343 804 1689 879 postremo
1732 794 2048 859 trimetris
2080 792 2384 858 iambicis
2433 791 2657 859 subito
2703 793 2770 858 in
2802 804 3032 859 tetra-

882 911 1133 965 metros
1167 901 1551 965 trochaicos
1581 902 1855 965 mutatis
1904 901 1999 986 (V.
2036 906 2162 968 383
2196 904 2323 988 sq.)
2373 923 2412 965 a
2447 902 2653 966 choro
2686 902 3029 967 auxilium

880 1008 1072 1093 petit.
1187 1007 1329 1085 Qui
1399 1008 1744 1095 extemplo
1812 1008 2229 1074 Mercurium
2300 1021 2448 1074 orat
2515 1020 2852 1096 rogatque
2931 1032 3026 1074 ne

879 1115 1042 1200 quid
1116 1116 1247 1179 sint
1316 1116 1566 1180 facturi
1636 1116 1778 1187 Iovi
1848 1116 2100 1181 indicet
2171 1119 2303 1201 (vv.
2354 1120 2751 1200 385—397).
2852 1116 3026 1182 Hoc

881 1223 1220 1286 canticum
1285 1245 1419 1287 una
1486 1213 1641 1288 cum
1706 1245 1906 1289 versu
1955 1228 2118 1301 388,
2189 1246 2325 1310 quo
2371 1223 2737 1311 Trygaeus
2784 1223 3024 1289 verbis

876 1331 1120 1408 utitur,
1205 1332 1714 1395 accuratissime
1791 1329 2097 1395 versibus
2165 1335 2517 1397 346—360
2593 1331 3023 1417 respondere

878 1436 1212 1502 subtiliter
1254 1439 1551 1503 ostendit
1581 1437 1878 1502 Arnoldt
1912 1441 2003 1523 (p.
2034 1440 2164 1522 59).
2242 1438 2403 1515 Qua
2435 1438 2521 1502 de
2556 1459 2762 1502 causa
2795 1438 3021 1503 altera

879 1567 1040 1630 pars
1090 1545 1276 1629 (oda)
1327 1546 1611 1610 dextero
1661 1547 2071 1624 hemichor0‚
2123 1546 2391 1610 sinistro
2438 1546 2651 1610 altera
2700 1547 3018 1631 (antoda)

879 1652 1311 1718 attribuenda
1376 1654 1663 1718 videtur.
1775 1652 2092 1740 Pergitur
2159 1652 2535 1718 diverbium
2608 1674 2807 1717 versu
2856 1658 3017 1730 400,

883 1781 1018 1847 quo
1084 1760 1466 1824 Mercurius
1528 1783 1570 1824 a
1626 1760 1955 1849 Trygaeo
2022 1760 2270 1825 certior
2333 1761 2559 1824 factus
2605 1758 2874 1824 Lunam
2944 1772 3018 1824 et

883 1867 1114 1933 Solem
1160 1868 1334 1932 inter
1381 1890 1528 1932 sese
1579 1869 1965 1933 coniuratos
2013 1890 2161 1932 esse
2210 1881 2447 1932 contra
2494 1868 2683 1946 deOS‚
2729 1889 3019 1953 persua-

877 1975 1065 2039 denti
1111 1998 1308 2039 aures
1355 1975 1644 2060 praebet
1675 1977 1894 2062 magis
1927 1977 2278 2063 magisque
2312 1976 2682 2052 secundas3
2731 1976 3014 2040 tandem

879 2082 1109 2168 phiala
1158 2083 1450 2147 donatus
1513 2084 1658 2168 ipse
1721 2083 1811 2148 ad
1875 2084 2075 2147 deam
2137 2083 2671 2169 protrahendam
2726 2084 3016 2148 chorum

879 2190 1299 2267 adhortatur,
1350 2202 1417 2253 et
1465 2191 1557 2254 ita
1605 2190 1880 2276 quidem
1929 2204 2002 2254 ut
2043 2212 2244 2254 versu
2278 2196 2405 2256 426
2457 2191 2545 2255 ad
2580 2203 3013 2255 tetrametros

878 2298 1259 2377 trochaicos
1328 2311 1629 2374 transeat
1706 2321 1922 2384 aeque
1995 2320 2076 2362 ac
2146 2299 2511 2387 Trygaeus
2581 2322 2783 2364 versu
2856 2305 3010 2366 383.

883 2403 1044 2480 Qua
1115 2404 1202 2468 de
1273 2425 1477 2469 causa
1556 2407 1802 2470 chorus
1872 2407 2229 2491 profitetur
2304 2428 2453 2470 sese
2531 2407 2754 2470 omnia
2830 2429 3011 2493 quae

878 2511 985 2574 ille
1033 2510 1160 2574 sibi
1207 2512 1491 2576 suadeat
1538 2512 1825 2576 libenter
1888 2535 2034 2577 esse
2083 2514 2445 2578 facturum.
2539 2513 3010 2578 Tetrametros

877 2640 1012 2683 non
1083 2620 1398 2697 chorum,
1469 2620 1593 2684 sed
1664 2622 2129 2709 coryphaeum
2191 2620 2374 2705 loqui
2440 2632 2749 2705 apparet.
2843 2620 3008 2685 Inde

878 2748 919 2789 a
995 2748 1193 2790 versu
1258 2731 1379 2792 431
1458 2728 1823 2814 Trygaeus
1902 2751 2036 2792 una
2114 2749 2270 2792 cum
2344 2727 2691 2792 Mercurio
2768 2730 3010 2793 choro-

878 2857 1012 2921 que
1061 2836 1462 2899 sacrificium
1508 2837 1905 2900 instaurant.
2001 2836 2162 2913 Qua
2210 2837 2277 2899 in
2336 2849 2532 2921 parte
2593 2858 2728 2900 non
2789 2836 3008 2923 magis

879 2965 1084 3028 quam
1160 2944 1226 3007 in
1308 2942 1848 3008 Acharnensium
1933 2944 2253 3009 libatione
2341 2957 2528 3009 certa
2605 2945 3007 3029 compositio

876 3062 1330 3135 exspectatur.
1456 3051 1667 3115 Cuius
1756 3052 2042 3137 episodii
2128 3051 2277 3115 finis
2365 3064 2467 3116 est
2543 3072 2777 3115 versus
2855 3055 3006 3127 458,

879 3155 993 3219 ubi
1067 3159 1497 3245 coryphaeus
1570 3180 1805 3223 omnes
1871 3159 2154 3244 impellit
2223 3171 2296 3223 ut
2366 3158 2641 3223 funibus
2710 3158 3005 3242 lapidem

878 3263 1242 3329 deducant.

1007 3388 1411 3454 Amoebaeo
1477 3392 1662 3476 quod
1729 3392 2035 3477 sequitur
2083 3391 2462 3455 Mercurius
2527 3402 2595 3455 et
2642 3389 3007 3477 Trygaeus

877 3509 944 3560 et
994 3497 1422 3582 coryphaeus
1470 3510 1585 3562 aut
1621 3498 1762 3561 dux
1797 3498 2062 3562 dexteri
2095 3499 2466 3562 hemichori
2515 3519 2663 3561 sese
2698 3498 3009 3561 chorum-

878 3625 1009 3688 que
1081 3604 1444 3668 stimulant.
1556 3605 1780 3669 Versu
1843 3610 1971 3671 473
2044 3606 2280 3690 incipit
2350 3605 2556 3669 breve
2628 3602 3005 3668 diverbium

877 3713 1051 3775 inter
1095 3712 1496 3801 Trygaeum
1542 3713 1962 3777 Mercurium
2011 3715 2495 3800 coryphaeum.
2590 3712 2773 3775 Nam
2820 3712 3006 3797 quod

875 3817 1267 3883 Lamachus
1314 3818 1557 3906 Argivi
1603 3820 2051 3908 Megarenses
2106 3842 2347 3905 parum
2394 3832 2664 3883 strenue
2712 3820 3006 3896 trahant,

877 3939 1013 3990 tres
1078 3927 1168 3991 illi
1238 3928 1678 3992 vehementer
1747 3928 2202 4015 indignantur.
2316 3928 2559 3991 Denuo
2627 3949 2828 3992 versu
2876 3931 3004 3993 485

881 4035 1248 4123 Trygaeus
1312 4056 1543 4099 omnes
1606 4036 1929 4100 admonet
1990 4047 2063 4099 ut
2127 4036 2216 4099 ad
2280 4058 2451 4122 opus
2514 4033 3007 4099 conficiendum

880 4140 1217 4206 enitantur
1276 4154 1481 4227 atque
1549 4143 1983 4207 contendant.
2079 4141 2221 4207 Sed
2284 4145 2414 4206 hac
2466 4143 2531 4205 in
2578 4142 2833 4206 antoda
2878 4164 3005 4226 pro

879 4250 1054 4314 duce
1134 4249 1424 4313 dexteri'
1473 4249 1845 4313 hemichori
1932 4249 2237 4314 iubemus
2315 4249 2560 4314 sinistri
2637 4249 3007 4313 hemichori
