3225 5192
1146 545 1586 606 *19*

309 737 751 825 significatur.
847 735 1024 800 Cum
1072 758 1235 800 vero
1288 758 1523 801 versus
1571 740 1923 803 464—466
1975 758 2057 801 ac
2091 742 2442 805 469—472

305 844 511 908 facile
560 864 1058 930 cognoscamus
1102 845 1578 929 anapaesticos
1613 865 1784 921 esse,
1835 844 1920 907 de
1955 845 2444 929 compositione

306 953 588 1017 metrica
659 973 976 1016 versuum
1035 956 1415 1028 459-463‚
1489 956 1616 1017 467
1681 963 1749 1015 et
1814 957 1942 1018 468
2014 953 2307 1018 maximo
2377 955 2445 1018 in

307 1059 516 1124 dubio
580 1071 941 1123 versantur
1001 1060 1125 1122 viri
1189 1059 1376 1123 docti
1394 1061 1463 1142 1).
1559 1058 1733 1122 Mihi
1801 1059 2076 1145 quidem
2136 1061 2444 1140 versibus

307 1170 659 1231 459-463
696 1178 763 1230 et
799 1170 1153 1232 467—468
1202 1166 1362 1229 nihil
1395 1166 1579 1229 aliud
1630 1167 1958 1231 contineri
2005 1167 2274 1232 videtur
2320 1170 2447 1234 nisi

309 1273 860 1350 exclamatione8‚
909 1272 1154 1358 quibus
1206 1294 1293 1336 ex
1342 1294 1659 1337 sermone
1708 1273 1972 1360 vulgari
2024 1275 2445 1362 depromptis

310 1392 497 1444 certa
563 1402 875 1444 mensura
944 1381 1226 1443 metrica
1288 1380 1560 1444 omnino
1629 1381 1823 1444 deest
1884 1393 1957 1444 ut
2022 1378 2143 1463 ἰοῦ,
2207 1380 2312 1449 ἰοῦ
2361 1421 2443 1429 -

309 1484 490 1573 αἰβοῖ
538 1525 610 1536 -
643 1476 721 1552 ,ὦ
767 1476 820 1552 ὦ
867 1525 955 1533 -
1002 1484 1068 1552 τί
1115 1484 1244 1575 φῄς
1276 1525 1365 1534 —-
1396 1490 1519 1576 φεῦ
1552 1525 1642 1533 ——
1672 1480 1797 1553 εἶεν
1827 1526 1915 1533 ——
1946 1481 2016 1553 αἶ
2068 1481 2155 1553 αἶ.
2234 1489 2447 1566 Quod

309 1596 499 1681 quasi
572 1593 1018 1658 amoebaeum
1089 1595 1436 1679 excipiunt
1504 1595 1788 1658 trimetri
1853 1594 2123 1660 iambici
2184 1597 2340 1661 inde
2405 1619 2446 1661 a

308 1724 507 1766 versu
540 1708 691 1768 473.
759 1702 1018 1766 Versus
1054 1706 1406 1767 486—499
1441 1701 1746 1766 versibus
1782 1691 2133 1768 459—47'2
2168 1725 2447 1789 respon-

310 1811 471 1875 dere
521 1812 654 1874 iam
688 1811 1045 1897 Bergkz'us
1075 1822 1233 1896 post
1264 1810 1704 1894 Dz'ndmfium
1752 1810 2094 1899 indicavit.
2169 1811 2449 1876 Utrum-

309 1941 441 2005 que
491 1920 831 1983 canticum
879 1917 1383 2004 subsequuntur
1441 1919 1725 1982 trimetri
1774 1917 2045 1983 iambici
2093 1941 2307 2005 usque
2355 1918 2447 1984 ad

310 2049 579 2091 versum
629 2031 778 2093 507.
873 2026 1093 2090 Huius
1156 2028 1369 2113 partis
1437 2027 1693 2090 exitum
1763 2027 2061 2091 efficiunt
2126 2040 2447 2113 quattuor

309 2134 685 2198 tetrametri
734 2132 1005 2198 iambici
1054 2136 1190 2217 (vv.
1243 2136 1623 2216 508—511)
1674 2146 1880 2220 atque
1930 2134 2020 2197 ad
2068 2147 2447 2199 extremum

309 2255 610 2328 systema
658 2241 1021 2306 iambicum
1070 2245 1204 2326 (vv.
1260 2244 1662 2324 512—519)‚
1731 2243 1919 2306 cuius
1981 2244 2167 2327 prior
2212 2265 2447 2309 versus

311 2349 591 2434 dipodia
636 2350 1077 2434 anapaestica
1126 2362 1247 2413 est.

447 2456 658 2533 Quod
707 2478 869 2520 vero
917 2455 1226 2519 Avium
1272 2457 1606 2542 parodum
1654 2457 1809 2520 huic
1858 2457 2075 2521 ordini
2124 2458 2445 2538 attribuO,

310 2564 380 2628 id
429 2564 724 2627 fortasse
774 2563 894 2627 tibi
942 2564 1335 2649 scrupulum
1397 2564 1759 2642 excitabit,
1825 2567 2225 2649 praesertim
2292 2588 2447 2631 cum

311 2671 379 2734 in
443 2672 658 2735 altero
726 2673 950 2757 capite
1014 2671 1348 2756 parodum
1416 2673 1549 2735 iam
1613 2695 1655 2736 a
1702 2694 1902 2736 versu
1951 2678 2079 2738 209
2146 2675 2446 2759 incipere

313 2778 797 2843 contenderim.
869 2778 1186 2843 Dilucide
1237 2791 1469 2843 autem
1518 2801 1604 2842 ex
1655 2801 1857 2842 versu
1891 2784 2014 2846 207
2053 2801 2152 2866 sq.
2203 2780 2299 2865 (ἐς
2330 2780 2448 2871 τὴν
2557 2861 2562 2866 ῃ

311 2885 554 2975 λόχμην
600 2884 852 2972 «ξ”σβαινε
896 2881 1216 2974 κᾶνέγειρέ
1272 2874 1419 2976 *rip*
1453 2881 1725 2975 ἀηδόνα)
1794 2899 2084 2972 apparet
2129 2887 2469 2986 Epopem⁸

313 2994 652 3058 canticum
717 2995 785 3056 in
833 2994 1130 3058 frutecto
1180 2995 1220 3056 i.
1272 3015 1327 3057 e.
1379 3005 1572 3057 extra
1620 3014 1938 3057 scaenam
1985 2996 2444 3083 pronuntiare.

314 3101 544 3178 Quam
612 3101 700 3165 ob
768 3124 910 3166 rem
959 3101 1330 3187 Euelpides
1394 3113 1461 3164 et
1517 3099 1983 3165 Pisthetaerus
2049 3102 2209 3166 dum
2276 3103 2450 3166 inter

313 3230 461 3272 sese
498 3209 620 3272 soli
653 3209 1213 3288 sermocinantur,
1264 3211 1579 3274 trimetris
1629 3209 1932 3274 iambicis
1966 3222 2278 3286 utuntur3
2326 3210 2449 3274 sed

312 3314 429 3380 ubi
477 3316 718 3400 Epops
782 3318 847 3379 in
895 3338 1216 3382 scaenam
1264 3319 1497 3396 rediit,
1564 3319 1718 3382 ilico
1769 3319 1971 3382 etiam
2021 3330 2448 3382 tetrametros

314 3416 662 3489 adhibent.
755 3424 1022 3489 Idcirco
1085 3427 1217 3489 hoc
1278 3425 1539 3511 Epopis
1605 3447 1881 3490 carmen
1944 3439 2019 3489 ut
2083 3427 2175 3489 ita
2224 3425 2447 3488 dicam

313 3531 738 3616 praeludium
787 3554 992 3596 verae
1040 3534 1282 3619 parodi
1330 3533 1677 3618 appellare
1725 3533 1949 3597 liceat.
2040 3531 2216 3596 Cum
2244 3533 2448 3616 prius

313 3638 577 3724 Epopis
627 3641 966 3704 canticum
1000 3643 1134 3724 (VV.
1164 3642 1547 3726 209—221)
1596 3653 1898 3728 systema
1947 3640 2031 3703 sit
2063 3640 2449 3724 anapaesti-

461 3872 499 3938 l)
541 3875 816 3936 Westpkal
848 3876 903 3923 in
941 3879 1063 3924 arte
1104 3876 1336 3924 metrica
1377 3874 1486 3940 (ed.
1506 3874 1704 3939 princ.)
1744 3890 1797 3938 p.
1823 3877 1917 3925 131
1945 3890 2140 3923 versus
2163 3875 2444 3924 467—468

317 3961 570 4012 dimetris
620 3966 844 4013 creticis
895 3965 1241 4014 catalecticis
1294 3980 1360 4012 ac
1406 3965 1954 4028 proceleusmaticiS,
2012 3966 2107 4028 qui
2158 3965 2267 4013 hoc
2320 3965 2449 4013 loco

314 4067 418 4115 pro
457 4056 772 4117 anapaesfis
823 4057 996 4118 positi
1035 4056 1174 4116 sint,
1224 4056 1406 4104 celere
1447 4055 1655 4103 laboris
1694 4057 1913 4103 initium
1956 4069 2282 4118 expressum
2323 4069 2449 4103 esse

315 4148 478 4207 putat
518 4142 627 4208 (ed.
652 4144 706 4192 II
748 4144 854 4194 vol.
882 4144 934 4194 II
970 4160 1022 4208 p.
1053 4145 1184 4207 4463
1225 4145 1312 4195 ed.
1350 4145 1431 4194 III
1469 4145 1577 4194 vol.
1617 4144 1671 4194 Π
1708 4160 1761 4210 p.
1792 4145 1942 4210 173);
1983 4150 2182 4195 contra
2224 4145 2451 4195 Richter

315 4235 374 4286 in
410 4233 829 4302 prolegomenis
869 4234 1132 4287 editionis
1172 4234 1246 4305 (p.
1287 4236 1374 4304 53)
1414 4236 1634 4289 iambos
1674 4235 1929 4306 intellegi
1970 4236 2202 4288 mavult.
2297 4236 2301 4241 '

2064 4344 2131 4401 2⁸1¹
