3225 5192
1169 561 1615 622 .-311-..

325 752 535 817 verba
600 752 726 816 sibi
795 753 1108 837 opposita
1172 765 1274 820 ut:
1343 752 1645 840 γέροντας
1692 746 1879 831 ’ὄντας
1929 776 1990 818 ν.
2041 757 2170 819 270
2228 765 2295 816 et
2342 752 2460 843 τὴν

326 859 526 950 πόλιν
557 882 619 923 ν.
657 863 808 936 274,
856 857 1345 944 κοβαλικεύεται
1377 882 1439 923 ν.
1470 864 1599 925 270
1649 872 1716 923 et
1748 858 2182 949 καταστρέφει
2215 882 2277 923 v.
2308 864 2457 925 274.

461 985 836 1072 Postquam
883 1008 946 1048 v.
999 990 1125 1051 269
1170 1007 1269 1071 sq.
1321 986 1587 1049 dexteri
1651 986 2021 1049 hemichori
2069 986 2208 1050 dux
2257 986 2460 1049 inter-

324 1095 592 1180 rogavit
640 1093 979 1156 sinistrum
1026 1115 1184 1156 num
1233 1093 1476 1156 viderit
1518 1091 2033 1178 Paphlagonem
2083 1093 2326 1156 fraude
2376 1114 2459 1156 ac

326 1201 485 1264 dolo
533 1199 804 1264 senibus
852 1200 1199 1264 adulatum
1249 1222 1435 1277 esse,
1508 1201 1879 1284 respondet
1926 1223 1988 1264 v.
2041 1204 2168 1265 274
2217 1201 2466 1264 sinistri

324 1308 695 1371 hemichori
762 1307 902 1370 dux
965 1308 1305 1371 hominem
1372 1307 1556 1370 illum
1625 1307 1919 1370 clamore
1978 1328 2250 1392 semper
2299 1308 2461 1372 civi·-

327 1426 538 1478 tatem
585 1415 994 1496 evertissel).
1074 1413 1183 1477 Re
1234 1415 1380 1499 ipsa
1428 1414 1734 1499 poscitur
1780 1425 1853 1477 ut
1904 1436 2137 1477 versus
2186 1435 2461 1500 quoque

329 1527 478 1587 269.
544 1526 672 1587 270
744 1521 901 1584 duci
973 1521 1238 1584 dexteri
1312 1521 1722 1598 hemichori,
1799 1542 2034 1584 versus
2107 1525 2278 1586 274⁸·
2338 1526 2465 1587 274

327 1630 486 1694 duci
532 1630 779 1693 sinistri
826 1630 1196 1693 hemichori
1229 1629 1645 1693 deferantur.
1719 1629 1957 1693 Finem
2004 1630 2198 1694 huius
2245 1632 2458 1716 partis

327 1738 625 1801 efficiunt
689 1759 810 1801 sex
857 1739 1242 1810 tetrametri
1284 1738 1645 1815 trochaici,
1716 1737 1853 1802 bini
1902 1761 1942 1801 a
1990 1736 2460 1824 Paphlagone,

326 1845 414 1909 ab
465 1844 945 1929 Allantopola,
1011 1868 1051 1908 a
1117 1867 1314 1908 servo
1362 1844 1433 1907 A
1492 1846 1945 1930 pronuntiati,
2012 1846 2127 1930 qui
2189 1867 2312 1909 nos
2374 1846 2464 1909 ad

328 1964 704 2015 extremam
781 1952 1022 2037 parodi
1108 1963 1374 2037 partem
1466 1953 1851 2016 traducunt.
1975 1951 2206 2038 Magis
2287 1954 2463 2016 enim

326 2060 681 2145 magisque
730 2060 966 2123 animis
1013 2061 1303 2123 incensis
1368 2071 1653 2144 uterque
1720 2060 2150 2123 adversarius
2216 2060 2372 2124 inde
2425 2083 2466 2123 a

328 2187 526 2230 versu
575 2170 705 2232 284
754 2166 1056 2230 dimetris
1104 2167 1506 2242 trochaiciS‚
1571 2165 1818 2252 quibus
1878 2167 2141 2230 illorum
2209 2168 2463 2231 invidia

329 2285 398 2337 et
446 2274 676 2338 odium
722 2273 897 2337 bene
948 2276 1438 2359 exprimuntur,
1488 2273 1851 2338 maledicta
1901 2275 2076 2338 inter
2122 2296 2271 2339 sese
2306 2298 2467 2339 evo-

328 2403 513 2445 mere
560 2381 814 2466 incipit.

460 2488 963 2573 Vesparum
1009 2488 1250 2573 parodi
1314 2490 1499 2574 prior
1545 2511 1742 2574 parS,
1811 2501 1886 2553 ut
1948 2489 2212 2554 duabus
2263 2513 2466 2575 para-

324 2597 603 2683 graphis
651 2596 1213 2660 antecedentibus
1276 2598 1757 2681 exposuimus,
1826 2620 2060 2661 versus
2095 2600 2460 2663 ’230-247

327 2703 818 2789 complectitur.
913 2703 1093 2766 Nam
1144 2725 1298 2768 cum
1363 2705 1656 2789 primum
1704 2706 1912 2768 choro
1977 2717 2049 2769 ut
2098 2727 2304 2790 quam
2355 2726 2469 2769 ce-

326 2812 590 2875 lerrime
638 2812 1122 2898 progrediatur
1155 2811 1502 2876 admonito
1537 2824 1907 2898 quaeratur
1956 2814 2089 2895 (VV.
2119 2817 2269 2877 233.
2300 2814 2463 2893 234)

328 2919 441 2984 ubi
509 2921 640 2983 sint
706 2919 1089 3005 Euergides
1156 2932 1224 2982 et
1287 2919 1599 2997 ChabeS,
1667 2918 1976 2982 versibus
2044 2924 2395 2985 235—239
2416 2924 2463 3000 2)

327 3027 780 3112 respondetur
822 3047 984 3090 sane
1018 3048 1250 3089 omnes
1283 3026 1525 3090 adesse
1561 3027 1675 3111 qui
1708 3038 1965 3090 restent
1999 3049 2086 3089 ex
2120 3026 2464 3090 veteribus

329 3133 916 3198 commilitonibus·
1010 3132 1367 3197 Postremo
1429 3133 1740 3198 versibus
1800 3138 2148 3199 240-247
2217 3137 2461 3199 chorus

328 3243 538 3306 semel
584 3254 792 3329 atque
851 3242 1096 3304 iterum
1160 3242 1424 3305 disertis
1473 3241 1697 3306 verbis
1765 3243 1856 3306 ad
1903 3243 2031 3306 iter
2077 3243 2466 3307 acceleran-

330 3350 491 3414 dum
541 3351 893 3413 excitatur.
988 3347 1119 3413 Cui
1167 3361 1395 3413 autem
1461 3351 1583 3413 has
1632 3350 1932 3436 singulas
1996 3364 2226 3436 partes
2276 3373 2465 3414 man-

331 3455 616 3521 demus?
708 3456 818 3519 Ex
886 3457 1000 3533 iis,
1073 3478 1248 3543 quae
1316 3478 1521 3542 supra
1588 3458 1879 3522 diximus
1944 3459 2234 3543 primum
2302 3461 2463 3523 satis

475 3707 513 3773 ¹)
554 3726 603 3759 V.
645 3711 748 3760 274
786 3710 915 3774 lego
954 3711 1243 3782 κε’κραγεν,·
1291 3712 1653 3781 καταστρέφει
1704 3712 1875 3775 igitur
1927 3711 2133 3774 accipit
2174 3711 2463 3760 notionem
2512 3779 2517 3783 ι

332 3799 636 3847 evertendi.

475 3886 515 3953 2)
554 3890 893 3938 Rectissime
942 3892 1346 3952 interpretatur
1398 3891 1706 3939 scholiasta
1759 3907 1809 3938 v·
1856 3891 1958 3940 235
2000 3891 2170 3939 verba
2227 3881 2463 3961 πάρεσθ’

332 3967 364 4026 ὃ
401 3970 466 4040 δὴ
519 3970 718 4028 λοιπόν
766 3971 818 4045 γ’
859 3971 927 4029 ἔτ’
969 3979 1117 4029 ἐστίν
1167 3981 1323 4029 hisce
1374 3981 1589 4029 verbis:
1640 3972 1708 4031 t'O
1753 3980 1901 4030 ἐστιν
1951 3970 2263 4030 ὑπόλοιπον
2315 3976 2465 4050 ἡμῶν

330 4059 545 4137 ἥκομεν,
596 4069 747 4132 quod
786 4071 1038 4133 sequitur
1080 4070 1342 4119 Zielinski
1375 4087 1427 4133 p.
1468 4072 1569 4120 269
1609 4070 1736 4120 adn.
1778 4072 1838 4121 2:
1897 4061 2151 4141 ‘miqwff'
2192 4070 2464 4118 bedeutet

333 4157 480 4206 doch
521 4159 673 4206 wohl
712 4149 958 4230 πάρεστι,
999 4160 1156 4209 nicht
1196 4150 1471 4230 πάρεστε,·’
1509 4159 1651 4210 false
1691 4161 1862 4224 igitur
1901 4162 2072 4211 vertit
2102 4161 2250 4209 hunc
2277 4160 2463 4209 locum

331 4247 712 4317 Droysenius:
755 4248 906 4315 ‘Wer
947 4254 1104 4299 sonst
1144 4249 1290 4299 noch
1330 4247 1490 4311 fehlt,
1529 4249 1748 4299 kommt
1786 4249 1930 4303 alle'.
