3225 5192
1693 546 2134 624 μω...

979 748 1417 818 Accedamus
1465 751 1555 817 ad
1600 752 1860 818 AveS.
1939 753 2179 839 Epops
2225 763 2591 840 postquam
2635 753 2996 842 persuasit

844 860 1082 925 avibus
1129 873 1204 926 ut
1235 860 1739 925 Pisthetaerum
1788 874 1857 925 et
1889 861 2274 947 Euelpiden
2306 863 2621 927 audirent
2671 867 2759 948 (V.
2787 867 2978 952 434),

845 969 1049 1032 etiam
1096 969 1219 1032 hos
1268 969 1669 1033 adhortatur
1715 968 1809 1051 (v.
1860 973 1987 1034 435
2015 973 2191 1055 sqq.)
2242 982 2316 1034 ut
2363 992 2552 1034 arma
2602 972 2975 1057 deponant.

842 1074 1172 1139 Incohata
1233 1076 1438 1161 igitur
1499 1077 1678 1139 actio
1741 1076 1929 1140 finita
1996 1088 2098 1140 est
2162 1098 2245 1140 ac
2293 1099 2470 1140 nova
2527 1079 2885 1143 incohatur
2903 1082 2974 1164 1).

842 1182 1158 1245 Tandem
1206 1183 1511 1246 videmus
1559 1183 1899 1247 actionem
1969 1204 2122 1246 cum
2171 1185 2359 1247 chori
2421 1185 2680 1269 impetu
2728 1198 2796 1249 et
2845 1187 2978 1251 ira-

841 1289 1088 1352 cundia
1119 1291 1337 1376 magis
1369 1290 1723 1376 magisque
1772 1290 2233 1374 implicaretur
2264 1291 2772 1376 quodammodo
2821 1315 2974 1358 esse

839 1396 1148 1460 solutam.
1242 1397 1394 1460 Nec
1461 1398 1603 1460 sine
1666 1397 1808 1489 iure
1872 1419 2146 1482 sperare
2196 1420 2553 1483 possumus
2613 1412 2972 1486 utramque

838 1516 1106 1589 partem
1168 1503 1356 1567 brevi
1425 1516 1781 1589 pacturam
1844 1527 2012 1568 esse.
2109 1503 2182 1567 In
2248 1505 2766 1591 Equitibus‚
2834 1529 2972 1593 qua

840 1612 983 1675 sola
1033 1612 1097 1674 in
1146 1609 1380 1675 fabula
1427 1612 1761 1696 parodum
1809 1633 1988 1697 agon
2036 1611 2190 1675 ilico
2223 1612 2677 1697 subsequitur,
2729 1614 2972 1678 eadem

839 1720 1017 1783 actio
1084 1730 1289 1804 atque
1361 1720 1429 1781 in
1494 1719 1757 1804 parodo
1828 1719 2162 1803 procedit.
2257 1718 2721 1807 Paphlagonis
2793 1722 2972 1785 enim

840 1838 907 1889 et
941 1826 1442 1910 AllantopOIae‚
1493 1839 1836 1889 certamen
1871 1827 2087 1912 magis
2121 1828 2474 1912 magisque
2521 1828 2766 1913 gliscit,
2816 1850 2973 1892 cum

838 1932 1060 1996 subito
1096 1935 1340 1997 chorus
1375 1935 1462 2016 (v.
1495 1936 1650 2016 304)
1701 1932 2007 1997 diverbio
2045 1935 2421 2019 interrupto
2456 1933 2972 2021 Paphlagonem

837 2039 1160 2126 gravibus
1227 2039 1452 2103 verbis
1518 2041 1949 2126 perstringit,
2018 2040 2264 2104 deinde
2313 2042 2777 2105 adversarium
2825 2043 2967 2106 eius

839 2147 1094 2211 excitat
1141 2168 1224 2210 ne
1275 2147 1445 2210 illius
1492 2148 1823 2210 audaciae
1873 2148 2512 2234 impudentiaequae
2562 2150 2786 2213 cedat.

840 2399 1145 2450 deutlicher
1195 2400 1492 2463 angezeigt
1540 2401 1685 2448 sein!
1744 2403 1850 2448 wie
1899 2400 1997 2449 hat
2056 2416 2182 2448 man
2236 2400 2491 2449 dasselbe
2544 2402 2721 2450 sehon
2772 2400 2966 2450 friiher

837 2494 1102 2537 ansetzen
1149 2489 1400 2536 konnen!
1495 2489 1661 2537 Noch
1716 2490 2182 2554 unbegreiflicher
2238 2492 2311 2538 ist
2366 2489 2617 2552 freilich,
2676 2493 2783 2538 wie
2842 2507 2967 2539 man

838 2577 1037 2626 darauf
1073 2578 1171 2626 hat
1210 2576 1478 2626 versallen
1518 2577 1769 2639 konnen,
1823 2579 1927 2626 den
1967 2578 2197 2644 Anfang
2237 2579 2530 2627 desselben
2580 2580 2729 2627 noch
2769 2582 2970 2628 weiter

836 2668 1405 2727 hinauszuschieben3
1448 2669 1535 2717 die
1575 2669 1719 2717 eben
1746 2669 2080 2733 begonnene
2109 2670 2287 2718 Szene
2328 2670 2611 2718 zwischen
2639 2671 2969 2719 Philocleon

837 2758 950 2806 und
991 2759 1117 2806 dem
1157 2758 1309 2807 Chor
1363 2758 1497 2806 lasst
1549 2759 1669 2806 sich
1711 2759 1858 2806 doch
1909 2776 1955 2807 z.
1995 2759 2055 2808 B.
2096 2760 2461 2821 schwerlich,
2515 2762 2621 2807 wie
2659 2760 2970 2809 Nesemann

837 2848 976 2908 will,
1034 2848 1211 2896 sehon
1262 2847 1352 2895 bei
1393 2848 1460 2896 V.
1502 2849 1602 2897 336
1655 2848 2083 2896 unterbrechen.
2160 2849 2277 2896 Wir
2330 2849 2561 2897 wiirden
2622 2849 2766 2897 dann
2821 2850 2969 2897 auch

836 2938 1132 2985 weiterhin
1170 2940 1226 2985 in
1266 2938 1670 3002 Verlegenheit
1709 2938 1990 2998 kommen‚
2032 2953 2121 2985 wo
2163 2939 2264 2986 wir
2301 2939 2543 3001 passend
2584 2939 2671 2987 die
2712 2939 2971 2988 Parodos

837 3027 1144 3076 schliessen
1183 3028 1421 3076 sollten’.

982 3133 1021 3198 ¹)
1062 3134 1190 3192 Qua
1243 3135 1310 3184 de
1362 3150 1421 3183 re
1476 3136 1647 3183 etiam
1698 3135 1932 3182 Kockz'us
1983 3134 2238 3182 similiter
2296 3136 2516 3184 videtur
2573 3136 2854 3185 iudicasse
2914 3138 2974 3184 in

839 3224 1102 3273 editionis
1140 3225 1556 3288 prolegomenis
1595 3241 1647 3288 p.
1689 3226 1773 3274 25.
