3225 5192
1706 630 2148 695 ...54-

1004 822 1190 888 Num
1261 823 1507 888 chorus
1575 824 1662 888 sit
1729 822 2121 910 bipartitus,
2198 824 2291 888 nil
2358 825 2605 903 refert,
2674 824 3005 912 quoniam

869 931 1042 996 deae
1111 930 1458 1018 gnebulosa
1523 930 1773 1017 specie’
1839 932 2116 996 indutae
2181 943 2336 996 sunt
2401 934 2442 997 i.
2491 955 2551 997 e.
2613 935 2802 997 cerni
2865 955 3005 998 non

862 1050 1166 1123 possunt.

1001 1144 1379 1230 Strepsiadi
1449 1147 1804 1232 quaerenti
1872 1147 1987 1232 qui
2052 1147 2185 1210 sint
2249 1159 2563 1210 cantores
2625 1146 3003 1232 respondet

871 1252 1192 1317 Socrates
1240 1256 1374 1336 (νν.
1411 1256 1790 1336 316-318)
1839 1275 1955 1318 eas
1988 1276 2135 1319 esse
2169 1254 2498 1319 caelestes
2529 1254 2774 1320 Nubes
2824 1277 2999 1340 quae

864 1359 1247 1424 hominibus
1280 1374 1656 1446 suggerant
1686 1362 2075 1439 sententiaS‚
2124 1361 2396 1426 dicendi
2428 1363 2764 1447 peritiam,
2815 1384 3001 1425 men-

867 1478 1042 1543 tem,
1111 1467 1263 1531 alia.
1360 1466 1631 1543 Quibus
1691 1466 1892 1532 rebus
1955 1480 2259 1532 attentus
2306 1468 2736 1553 Strepsiades
2801 1491 3000 1554 prae-

872 1586 1222 1659 ceptorem
1273 1574 1651 1660 interrogat
1710 1596 1868 1638 num
1933 1575 2136 1640 liceat
2198 1598 2314 1639 eas
2375 1575 2606 1640 videre
2677 1578 2765 1658 (v.
2821 1577 2995 1658 322).

869 1680 1308 1766 Quamquam
1376 1683 1634 1746 interea
1681 1681 1922 1746 Nubes
1968 1682 2055 1747 de
2103 1682 2462 1747 Parnethis
2524 1683 2815 1747 culmine
2883 1684 2999 1746 de-

871 1788 1209 1852 scendunt
1301 1800 1509 1875 atque
1603 1790 1995 1854 orchestrae
2086 1791 2674 1876 appropinquant,
2767 1803 2996 1854 tamen

875 1894 1307 1979 Strepsiades
1371 1916 1487 1959 eas
1535 1917 1671 1959 non
1717 1896 1904 1981 prius
1951 1899 2288 1982 conspicit
2352 1919 2557 1983 quam
2604 1898 2994 1961 orchestrae

867 2002 1128 2066 aditum
1195 2003 1413 2087 ipsum
1480 2005 1967 2087 occupaverint
2030 2006 2118 2087 (v.
2170 2009 2298 2070 328
2346 2002 2568 2069 πάντα
2623 2002 2745 2090 γὰρ
2805 2003 2993 2070 κατέ-

863 2112 1108 2192 χουσιν)
1134 2112 1201 2192 l).
1317 2109 1781 2194 Exspectatur
1848 2111 2003 2175 ilico
2074 2124 2191 2174 aut
2260 2111 2547 2175 alterum
2613 2121 2841 2174 utrum
2910 2133 2993 2174 ex

866 2215 1306 2280 histrionibus
1384 2218 1669 2280 chorum
1753 2230 1872 2281 aut
1952 2219 2234 2282 chorum
2318 2217 2770 2282 allocuturum
2848 2238 2991 2281 esse

867 2324 1245 2388 histriones,
1312 2323 1482 2388 .Sed
1545 2325 1786 2388 mirum
1852 2337 2177 2410 quantum
2240 2324 2562 2390 Socrates
2630 2324 2995 2389 scurriliter

872 2430 1220 2494 fabulatur
1265 2431 1353 2495 de
1406 2432 1693 2496 dearum
1740 2434 2006 2517 specie3
2063 2432 2249 2518 quod
2297 2454 2459 2496 sane
2505 2454 2746 2517 parum
2795 2432 2990 2496 decet

870 2559 1104 2601 earum
1151 2538 1601 2616 sacerdotem,
1648 2540 2050 2624 praesertim
2098 2560 2251 2603 cum
2284 2538 2523 2603 Nubes
2572 2540 2758 2623 ipsae
2805 2559 2990 2623 prae-

865 2656 1092 2708 sentes
1139 2645 1272 2708 sint
1339 2646 1473 2728 (vv.
1528 2648 1927 2728 329—355).
2020 2645 2335 2710 Tandem
2385 2667 2585 2709 versu
2634 2649 2761 2710 356
2812 2643 2991 2709 Stre-

866 2863 922 2909 in
972 2863 1123 2910 exitu
1174 2876 1437 2910 versuum
1479 2863 1761 2912 291—298
1810 2862 2092 2912 desiderat
2148 2863 2290 2912 tales
2341 2863 2797 2927 significationes.
2872 2861 2988 2909 Nec

866 2953 984 2999 sine
1061 2953 1178 2999 veri
1254 2952 1442 3014 specie
1517 2951 1809 3013 probabile
1871 2950 2011 3001 facit
2082 2951 2463 3016 fragmentum
2520 2952 2622 3001 319
2687 2950 2774 3001 ed.
2831 2950 2988 2998 Kock.

866 3039 919 3095 ἐς
970 3031 1065 3102 τήν
1123 3030 1374 3108 Πάρνηθ’
1417 3031 1768 3110 ὀργισθεῖσαι
1824 3038 2070 3110 φροῦδαι
2129 3031 2266 3091 κατὰ
2321 3031 2419 3090 τὸν
2469 3029 2831 3104 Λυκαβηττόν
2885 3039 2987 3086 huc

868 3135 1143 3194 spectare.
1219 3130 1313 3193 (cf.
1352 3132 1649 3179 Buecheler
1704 3131 1866 3179 Neue
1905 3131 2095 3196 Jahrb.
2133 3130 2173 3180 f.
2212 3131 2354 3179 Phil.
2421 3131 2552 3179 1861
2618 3146 2671 3193 p.
2711 3130 2814 3179 664
2854 3127 2986 3192 sqq.)

869 3220 1109 3269 Causam
1169 3235 1266 3267 cur
1319 3220 1515 3269 Nubes
1572 3222 1748 3269 iratae
1797 3235 1920 3268 sese
1979 3220 2298 3269 rettulerint
2367 3219 2607 3282 explicat
2663 3223 2819 3267 recte
2871 3231 2987 3266 esse

868 3316 929 3360 ut
975 3311 1055 3359 ita
1095 3309 1277 3358 dicam
1314 3309 1682 3379 βωμολοχίαν,
1741 3324 1884 3373 quae
1935 3325 2035 3359 nos
2091 3324 2283 3358 versus
2322 3310 2602 3359 293-298
2640 3309 2988 3373 perlegentes

869 3402 1095 3449 minime
1137 3399 1388 3463 effugere
1441 3404 1650 3462 potest.
1726 3399 1839 3449 Sed
1878 3402 2130 3463 quamvis
2178 3404 2344 3448 acute
2384 3400 2648 3448 Zielinski
2693 3399 2837 3447 hanc
2876 3413 2987 3446 rem

867 3490 1217 3549 tractaverit,
1276 3493 1464 3537 tamen
1516 3488 1659 3536 haec
1717 3490 2044 3537 coniectura
2100 3489 2236 3536 mihi
2295 3488 2520 3552 quidem
2575 3487 2717 3537 salsa
2774 3487 2988 3535 videtur

870 3594 1010 3628 esse.
1064 3579 1263 3642 Neque
1294 3580 1441 3626 enim
1469 3578 1724 3626 versibus
1754 3580 1856 3627 314
1885 3583 1941 3626 et
1970 3579 2072 3627 315
2113 3578 2317 3626 chorus
2345 3578 2414 3626 ab
2443 3583 2682 3641 utroque
2721 3578 2986 3625 histrione

868 3671 978 3717 iam
1019 3669 1362 3731 conspicitur
1400 3682 1465 3716 ac
1508 3683 1639 3716 vere
1681 3667 2035 3731 Strepsiades
2075 3682 2141 3715 ex
2181 3672 2348 3716 cantu
2388 3668 2509 3716 solo
2551 3667 2780 3715 dearum
2818 3679 2987 3731 genus

868 3772 979 3806 non
1017 3757 1371 3821 intellegere,
1425 3757 1524 3806 sed
1562 3752 1776 3820 optime
1829 3757 2166 3806 concludere
2215 3758 2304 3805 vel
2354 3758 2614 3806 conicere
2652 3761 2860 3819 potest.
2933 3753 2986 3801 Si

868 3846 1221 3908 Strepsiades
1261 3846 1394 3895 deas
1434 3861 1564 3895 vere
1606 3848 2011 3910 conspexisset,
2049 3847 2169 3895 fieri
2209 3861 2320 3895 non
2346 3848 2623 3909 potuisset
2651 3848 2781 3909 quin
2810 3843 2985 3893 verbis

867 3937 973 3985 illis
1014 3941 1292 3998 uteretur3
1351 3936 1449 3985 sed
1507 3940 1636 4000 quia
1696 3952 1789 3986 eas
1848 3952 1959 3986 non
2017 3936 2197 3999 videt,
2256 3951 2378 3985 earn
2431 3937 2505 3985 ob
2558 3951 2784 3984 causam
2825 3936 2985 3983 etiam

871 4031 1036 4075 errat.
1112 4027 1294 4075 Versu
1334 4027 1559 4090 quidem
1599 4028 1701 4076 322
1759 4017 1885 4077 ὥστ’
1926 4029 1977 4077 εἴ
2007 4043 2124 4083 πως
2159 4026 2318 4086 ἔστιν,
2367 4024 2507 4078 ἰδεῖν
2544 4017 2710 4081 αὐτὰς
2747 4018 2847 4089 ἤδη
2883 4039 2986 4091 φα-

867 4107 1025 4187 νερὰς
1062 4113 1324 4184 ἐπιθυμῶ
1360 4117 1480 4163 viro
1522 4114 1694 4163 docto
1733 4114 2074 4178 persuadere
2114 4131 2225 4164 non
2263 4118 2604 4179 poterimuS,
2658 4117 2862 4178 quippe
2900 4112 2985 4176 qui

868 4220 1064 4255 versus
1105 4206 1384 4255 316—340
1423 4205 1585 4254 alteri
1628 4204 1860 4254 editioni
1899 4206 2148 4254 Nubium
2187 4206 2487 4256 adscribat.

1014 4310 1053 4377 ¹)
1099 4313 1451 4375 Schoenborn,
1492 4312 1676 4361 Skene
1718 4312 1814 4361 der
1853 4313 2123 4362 Hellenen
2178 4329 2231 4377 p.
2272 4314 2391 4364 349.
