3225 5192
1635 567 2088 630 ..12-

808 759 1037 824 choro.
1150 759 1553 825 Evidentius
1629 774 1799 846 puto
1875 761 2159 846 exprimi
2235 782 2372 824 non
2446 782 2650 846 posse
2727 762 2934 826 etiam

806 890 1043 931 versus
1094 874 1486 946 253—256‚
1554 870 1670 955 qui
1731 869 2252 954 pronuntiantur
2310 890 2350 932 a
2399 868 2729 947 Carione‚
2798 870 2934 934 iam

807 977 1051 1061 parodi
1098 999 1247 1040 esse
1266 982 1333 1059 ¹).

1024 1083 1447 1148 Peculiarem
1494 1084 1829 1169 praebent
1861 1085 2325 1148 difficultatem
2361 1084 2598 1149 AveS.
2668 1085 2936 1150 Pisthe-

806 1204 1033 1254 taerus
1098 1205 1165 1254 et
1226 1192 1597 1277 Euelpides
1661 1204 2117 1277 pervenerunt
2185 1191 2275 1254 ad
2337 1191 2634 1255 Tereum
2697 1214 2934 1278 regem

803 1300 1048 1361 avium.
1145 1298 1284 1375 Qui
1334 1298 1448 1361 ubi
1494 1299 1583 1362 ab
1635 1301 1758 1361 illis
1804 1299 1969 1385 quid
2015 1297 2141 1362 sibi
2189 1299 2396 1361 velint
2428 1300 2676 1363 certior
2707 1300 2934 1363 factus

803 1418 945 1482 est,
1010 1407 1313 1469 diversas
1374 1408 1694 1491 proponit
1756 1408 2104 1492 regioneS‚
2171 1406 2416 1492 quibus
2477 1407 2930 1491 placidissime

803 1514 947 1576 sine
1024 1513 1257 1577 labore
1334 1535 1419 1577 ac
1494 1516 1774 1599 negotio
1855 1516 2081 1578 vivere
2155 1515 2466 1599 possint.·
2554 1513 2697 1578 Sed
2773 1514 2932 1577 nihil

807 1621 1338 1685 Atheniensibus
1384 1622 1634 1706 placet.
1729 1622 1910 1684 Tum
1957 1622 2182 1685 subito
2231 1623 2436 1709 ⁶videt
2467 1621 2932 1686 Pisthetaerus

806 1750 1055 1790 novum
1105 1741 1172 1791 et
1220 1750 1541 1814 magnum
1609 1730 1958 1792 consilium
2019 1731 2084 1792 in
2133 1731 2358 1793 avium
2413 1743 2620 1815 gente
2680 1750 2763 1793 ac
2809 1752 2936 1815 po-

814 1838 1095 1899 tentiam
1144 1858 1319 1922 quae
1372 1839 1664 1900 existere
1714 1839 1957 1922 possit,
2021 1838 2074 1901 si
2124 1837 2212 1899 illi
2261 1836 2386 1899 sibi
2435 1836 2930 1921 obtemperent'

807 1946 1108 2028 (v.162).
1203 1944 1429 2029 Epopi
1482 1946 1770 2029 primum
1820 1966 1999 2008 novo
2047 1945 2326 2008 consilio
2372 1946 2565 2030 quasi
2612 1944 2932 2029 obstupe·

806 2052 995 2114 facto
1045 2064 1113 2113 et
1160 2073 1491 2136 oppresso
1538 2054 1863 2136 paulatim
1913 2050 2318 2115 Pisthetaeri
2366 2051 2735 2114 calliditate
2781 2072 2934 2136 per-

806 2159 1153 2235 suadetur,
1202 2172 1275 2221 ut
1322 2181 1549 2222 rursus
1598 2160 1709 2222 illo
1756 2172 2035 2223 auctore
2083 2160 2370 2243 primum
2419 2159 2766 2222 lusciniam
2815 2179 2933 2222 ex-

811 2266 975 2329 citet
1005 2268 1138 2347 (vv.
1163 2269 1561 2348 209—7222),
1591 2267 1837 2330 deinde
1863 2288 2027 2329 aves
2052 2266 2142 2330 ad
2167 2267 2550 2329 contionem
2576 2278 2932 2330 convocet.

945 2373 1279 2449 Quamvis
1326 2396 1413 2436 ex
1461 2375 1559 2437 eis
1604 2396 1782 2460 quae
1832 2376 2177 2438 attulimus
2210 2376 2474 2437 eluceat
2521 2398 2583 2437 v.
2619 2378 2770 2451 209,
2818 2373 2931 2437 ubi

804 2480 1043 2564 Epops
1100 2494 1375 2544 cantare
1439 2483 1704 2566 coepit,
1767 2483 2053 2545 actionis
2121 2482 2480 2544 continuae
2543 2482 2932 2544 incisionem

804 2589 1032 2673 magni
1082 2590 1401 2651 momenti
1449 2611 1598 2652 esse
1664 2590 1731 2672 [i.
1781 2611 1840 2652 e.
1890 2589 2220 2673 parodum
2271 2589 2635 2673 incipere]‚
2707 2602 2932 2652 tamen

805 2715 1236 2781 nequaquam
1284 2710 1357 2758 ut
1402 2696 1468 2758 in
1502 2698 1746 2759 ceteris
1779 2696 2029 2759 fabulis
2075 2697 2217 2759 fieri
2250 2697 2422 2759 solet
2455 2695 2694 2780 Epops
2727 2706 2936 2758 tetra-

804 2803 1035 2865 metris
1098 2804 1340 2878 utitur,
1410 2805 1571 2887 quin
1634 2805 1836 2867 etiam
1899 2802 2360 2866 Pisthetaerus
2424 2816 2491 2866 et
2537 2802 2933 2886 EuelpideS,

807 2910 922 2993 qui
970 2909 1231 2994 Epopis
1281 2912 1620 2973 canticum
1672 2912 2195 2995 interrumpunt,
2265 2912 2582 2974 trimetris
2631 2909 2932 2973 iambicis

804 3029 1101 3093 utuntur,
1149 3018 1309 3080 dum
1359 3019 1503 3080 avis
1550 3018 1899 3081 cuiusdam
1950 3039 2119 3081 voce
2157 3017 2412 3103 τοροτίξ
2451 3019 2684 3080 audita
2737 3038 2933 3080 versu

804 3129 933 3189 268
982 3125 1237 3208 primus
1287 3138 1679 3188 tetrameter
1725 3125 1918 3188 nobis
1966 3138 2301 3189 occurrat.
2370 3125 2600 3201 Quam
2649 3124 2738 3187 ob
2791 3145 2932 3185 rem

806 3232 1029 3315 priore
1080 3234 1551 3318 paragraph0‚
1619 3231 1732 3295 ubi
1784 3233 1868 3296 de
1919 3256 1988 3295 re
2060 3233 2340 3296 metrica
2408 3230 2933 3304 disserebamuS‚

804 3360 1039 3401 versus
1089 3344 1437 3403 209—266
1506 3339 1768 3424 parodo
1830 3340 2298 3404 attribuendos
2357 3363 2493 3403 non
2541 3362 2688 3403 esse
2737 3352 2935 3424 puta-

805 3446 1041 3508 vimus,
1115 3445 1257 3509 Sed
1292 3467 1442 3508 cum
1478 3461 1763 3531 propter
1795 3462 2078 3511 metrum
2115 3461 2444 3511 mutatum
2481 3461 2619 3510 tum
2651 3459 2935 3532 propter

803 3551 1168 3616 verborum
1232 3566 1540 3616 tenorem
1611 3576 1864 3639 negare
1928 3577 2010 3617 ac
2074 3570 2304 3618 vetare
2369 3555 2696 3617 debemus
2756 3555 2934 3616 hanc

950 3803 988 3868 ¹)
1030 3804 1183 3862 Quin
1234 3808 1403 3854 etiarn
1443 3807 1634 3871 Agtke
1672 3822 1725 3869 p.
1769 3809 1868 3856 178
1919 3809 2078 3870 ponit
2125 3807 2320 3869 parodi
2360 3810 2578 3854 initium
2627 3809 2682 3854 in
2722 3823 2772 3854 v.
2814 3808 2935 3867 253,

803 3909 1139 3958 quamquam
1191 3894 1396 3943 chorus
1446 3898 1563 3958 ipse
1604 3898 1844 3958 primum
1884 3911 1914 3943 a
1958 3913 2005 3945 v.
2047 3898 2147 3945 257
2208 3896 2443 3944 diverbii
2484 3898 2768 3958 particeps
2809 3910 2931 3943 esse

803 3984 1117 4032 incohatur.
1196 3986 1396 4032 Nonne
1454 3990 1647 4033 autem
1701 3987 1783 4032 vir
1825 3985 2025 4033 doetus
2075 3986 2236 4033 nobis
2287 3985 2509 4033 videtur
2566 4000 2757 4033 secum
2815 3986 2935 4047 ipse

802 4075 1089 4138 pugnare?
1181 4075 1324 4122 Nam
1384 4075 1647 4137 Equitum
1708 4090 1901 4123 versus
1955 4077 2266 4131 242—246,
2324 4078 2416 4137 qui
2476 4076 2637 4138 plane
2699 4074 2935 4122 eandem

806 4169 1062 4213 naturam
1100 4179 1232 4227 prae
1272 4179 1333 4212 se
1360 4164 1548 4212 ferunt
1569 4169 1738 4228 atque
1761 4165 1943 4213 -huius
1969 4165 2188 4213 fabulae
2213 4181 2299 4213 vv.
2322 4166 2621 4224 253—256,
2660 4180 2691 4212 a
2718 4163 2936 4226 parodo

807 4253 1035 4302 dirimit.
1111 4252 1183 4302 cf.
1223 4254 1488 4302 Zielinski
1520 4270 1571 4317 p.
1619 4255 1734 4304 157.
