3225 5192
1147 554 1590 626 „13⁸2

296 769 592 847 partem,
655 777 831 845 quae
882 758 1388 845 quodammodo
1435 757 1863 843 praeludium
1911 751 2114 821 efficit
2161 750 2429 842 parodi,

296 868 566 954 prologi
613 888 760 930 esse
779 868 848 949 1).

429 986 745 1057 Vidimus
792 991 1008 1078 igitur
1052 993 1183 1055 hac
1232 991 1466 1056 fabula
1515 1006 1809 1076 excepta
1857 993 1922 1055 in
1958 971 2267 1056 omnibus
2318 1014 2433 1057 co-

298 1101 580 1165 moediis
628 1100 869 1185 parodi
910 1100 1336 1185 principium,
1388 1098 1573 1184 quod
1607 1118 1762 1162 cum
1794 1099 1893 1175 iis,
1928 1119 2108 1183 quae
2140 1099 2206 1161 in
2241 1111 2433 1163 ante-

299 1207 699 1273 cedentibus
753 1206 1202 1292 paragraphis
1251 1205 1626 1281 attulimus,
1697 1205 1949 1288 optime
1999 1207 2431 1283 consentiret,

300 1316 505 1380 etiam
544 1337 632 1378 ex
679 1314 963 1377 actionis
1013 1313 1382 1376 mutatione
1433 1312 1785 1375 evidenter
1835 1315 2157 1398 cognosci
2204 1335 2429 1398 posse.

433 1449 648 1513 Paulo
696 1449 913 1533 magis
960 1447 1221 1510 lubrica
1289 1459 1390 1510 est
1439 1447 1748 1531 quaestio
1798 1446 1884 1509 de
1932 1447 2175 1531 parodi
2225 1449 2429 1511 exitu.

301 1556 591 1620 Constat
638 1558 975 1620 actionem
1026 1554 1422 1640 tragoediae
1472 1567 1630 1616 ante
1680 1555 1922 1639 parodi
1970 1555 2230 1617 initium
2278 1554 2437 1619 sub-

300 1666 535 1728 sistere
615 1677 820 1750 atque
901 1664 1173 1727 demum
1250 1675 1405 1746 post
1484 1661 1727 1745 parodi
1805 1661 2006 1724 finem
2085 1663 2431 1747 progredi.

302 1771 512 1847 Quod
562 1794 978 1857 quamquam
1027 1772 1090 1832 in
1140 1769 1496 1833 comoedia
1556 1791 1692 1831 non
1740 1791 1957 1853 aeque
2007 1769 2433 1847 discernitur,

300 1890 527 1941 tamen
592 1901 676 1942 ex
743 1879 1073 1941 nonnullis
1140 1898 1412 1962 quoque
1481 1877 1849 1940 comoediis
1921 1879 2166 1940 nostris
2229 1878 2431 1941 facile

299 1987 724 2070 perspicitur.
821 1984 1152 2069 Imprimis
1199 2006 1375 2069 quae
1424 1985 1786 2048 laudentur
1834 1985 2083 2071 dignae
2121 1986 2435 2048 videntur

302 2114 448 2155 esse
498 2091 800 2156 Nubes
849 2113 930 2155 ac
966 2092 1244 2155 Ranae.
2162 2093 2172 2104 '

434 2224 737 2289 Fabulae
809 2226 980 2289 illius
1051 2226 1349 2310 parodus
1420 2247 1619 2289 versu
1668 2231 1795 2291 475
1862 2226 1953 2289 ad
2016 2226 2218 2289 finem
2281 2248 2437 2311 per-

302 2333 508 2396 ducta
558 2346 679 2395 est.
775 2332 1122 2408 Quoniam
1186 2355 1312 2416 per
1358 2333 1689 2416 parodum
1741 2332 2171 2417 Strepsiades
2220 2356 2260 2397 a
2309 2333 2435 2397 So-

304 2451 490 2503 crate
540 2439 955 2502 sollemniter
1002 2440 1210 2501 sacris
1261 2438 1567 2502 imbutus·
1603 2452 1729 2516 est,
1779 2448 1977 2503 v'ersu
2011 2445 2137 2505 476
2190 2442 2435 2504 chorus

301 2558 820 2635 praeceptorem
882 2546 1314 2623 adhortatur,
1382 2559 1455 2609 ut
1512 2546 1944 2630 Strepsiades
2009 2547 2434 2631 disciplinam

301 2655 434 2717 iam
505 2665 661 2716 ante
731 2653 1066 2738 parodum
1144 2652 1381 2716 leviter
1451 2654 1825 2716 institutam
1907 2666 2047 2716 tum
2116 2666 2433 2739 pergat

302 2774 508 2845 atque
557 2761 806 2847 ingenii
869 2762 1044 2823 vires
1107 2761 1437 2845 exploret.
1532 2760 1779 2845 Neque
1843 2761 1978 2823 ulla
2038 2761 2435 2845 interposita

304 2890 492 2932 mora
540 2867 860 2933 Socrates
924 2868 1079 2931 inde
1144 2890 1184 2931 a
1231 2890 1431 2931 versu
1481 2872 1608 2933 478
1676 2868 1956 2931 dearum
2018 2868 2268 2932 iussum
2320 2889 2438 2932 ex-

303 2978 623 3062 sequitur.
716 2976 1170 3040 Ranarum
1242 2999 1329 3038 ex
1400 2975 1688 3062 prologo
1761 2977 2204 3061 cognovimus
2270 2976 2437 3040 Dio-

303 3106 546 3171 nysum
594 3097 661 3148 et
693 3083 1070 3148 Xanthiam
1104 3082 1409 3147 Plutonis
1458 3083 1839 3147 aedificium
1872 3099 2127 3168 petere.
2198 3083 2433 3170 Atque

450 3330 488 3413 ¹5
530 3350 599 3397 cf.
639 3351 904 3399 Zielinski
950 3367 1001 3414 p.
1048 3354 1161 3403 140.
1203 3381 1267 3389 —-
1310 3353 1687 3417 Temporibus
1743 3354 2063 3416 praeteritis
2121 3355 2225 3401 viri
2279 3353 2435 3405 docti

303 3443 365 3487 ut
411 3440 685 3502 Hornung
722 3454 774 3501 p.
818 3441 882 3488 10
941 3440 1123 3504 (4Huic
1162 3443 1197 3489 i.
1239 3456 1284 3489 e.
1325 3442 1575 3491 Nubium
1613 3442 1829 3505 parodo
1882 3441 2066 3489 forma
2114 3457 2224 3489 non
2278 3442 2436 3490 dissi-

303 3529 449 3577 milis
490 3534 575 3577 est
613 3528 858 3592 parodus
897 3531 951 3577 in
991 3530 1235 3591 Avibus,
1290 3547 1431 3594 quae
1472 3548 1522 3580 v.
1564 3534 1667 3581 310
1706 3532 1919 3593 incipit,
1958 3535 2260 3594 postquam
2299 3546 2434 3580 aves

304 3617 374 3665 ab
415 3633 600 3681 upupa
638 3618 951 3667 advocatae
991 3621 1103 3668 iam
1141 3619 1269 3668 inde
1309 3635 1341 3668 a
1381 3637 1431 3669 V.
1455 3622 1555 3670 296
1596 3621 1815 3684 ingredi
1855 3620 2202 3685 coeperunt’)
2243 3622 2433 3684 Agtlze

305 3722 356 3770 p.
401 3709 499 3757 130
557 3708 716 3772 (‘Der
755 3708 970 3773 Einzug
1008 3709 1106 3757 der
1146 3710 1330 3773 Vogel
1369 3710 1604 3774 beginnt
1658 3725 1806 3757 zwar
1855 3711 2032 3758 sebon
2071 3710 2163 3758 bei
2203 3711 2270 3758 V.
2312 3712 2433 3762 268.

303 3797 472 3845 Doch
526 3804 638 3846 erst
687 3814 796 3847 von
836 3800 904 3847 V.
946 3801 1048 3849 310
1096 3815 1166 3847 an
1214 3799 1455 3847 nehmen
1513 3801 1591 3847 sie
1641 3814 1731 3847 am
1772 3799 2064 3862 Gesprach
2105 3799 2262 3860 Teil‚
2321 3800 2434 3848 und

305 3888 481 3935 sowie
538 3888 595 3935 in
643 3889 749 3937 den
797 3889 1036 3937 Wolken
1086 3888 1247 3939 Sokr.
1287 3905 1339 3939 u.
1382 3888 1491 3938 Str.
1546 3889 1667 3936 sich
1717 3889 1924 3937 vorher
1978 3889 2117 3936 iiber
2168 3889 2257 3937 die
2308 3890 2434 3937 Ein-

305 3976 602 4025 tretenden
640 3978 1015 4039 unterhalten,
1056 3993 1119 4027 so
1159 3979 1456 4043 geschieht
1498 3993 1555 4026 es
1595 3979 1741 4026 auch
1781 3979 1932 4038 hier3
1974 3979 2063 4027 die
2094 3980 2434 4043 eigentliche

304 4065 558 4114 Parodus
597 4066 829 4130 beginnt
868 4068 985 4116 also
1027 4073 1141 4116 erst
1179 4068 1271 4116 bei
1300 4069 1365 4117 V.
1391 4068 1532 4133 310⁹)
1572 4069 1667 4117 alii
1707 4070 1825 4117 sine
1865 4069 1977 4116 ullo
2019 4070 2280 4132 scrupulo
2310 4083 2438 4116 cen-

306 4154 504 4203 sebant
544 4170 767 4204 versum
790 4158 909 4218 310,
950 4158 1045 4205 ubi
1073 4162 1228 4206 totus
1256 4158 1461 4206 chorus
1490 4158 1840 4207 orchestram
1868 4158 2198 4222 ingreditur,
2239 4157 2437 4221 pai-odi

307 4258 429 4292 esse
468 4246 705 4295 initium.
