3225 5192
1165 575 1607 638 —45,.

307 769 620 857 Dionyso
670 768 1130 854 interrogatur
1177 766 1294 831 ubi
1341 769 1426 831 sit
1474 767 1781 832 Plutonis
1828 768 2231 833 aedificium.
2306 769 2445 834 Iam

309 898 474 941 vero
521 876 614 940 ad
661 877 878 961 ipsam
926 876 1202 939 domurn
1251 875 1696 939 advenerunt.

443 1001 773 1066 Extrema
822 1002 888 1065 in
935 1001 1177 1086 parodi
1224 1013 1418 1086 parte
1477 1014 1799 1087 quattuor
1861 1004 1974 1087 qui
2022 1002 2447 1088 praecedunt

309 1110 683 1173 tetrametri
733 1130 868 1172 non
917 1108 1005 1172 ab
1057 1109 1300 1172 eadem
1347 1129 1641 1194 persona
1689 1111 2109 1194 pronuntiari
2157 1122 2443 1195 possunt

310 1229 379 1281 et
423 1216 787 1281 manifesto
836 1216 1185 1300 utriusque
1236 1217 1606 1280 hemichori
1655 1227 1941 1302 uterque
1976 1217 2114 1280 dux
2147 1218 2258 1281 hic
2290 1238 2445 1302 per-

308 1325 609 1409 spicitur.
720 1322 897 1401 Nam
959 1336 1320 1409 postquam
1385 1326 1519 1406 (vv.
1571 1327 1948 1406 440—442)
2015 1325 2443 1413 coryphaeus

309 1431 490 1495 viros
537 1431 888 1496 admonuit
935 1443 1009 1494 ut
1056 1443 1216 1494 eant
1262 1453 1386 1515 per
1432 1452 1699 1495 sacrum
1732 1442 2043 1516 saeptum
2077 1431 2270 1508 deae,
2319 1453 2444 1517 per

307 1539 709 1626 florilegium
755 1540 1002 1615 lucum,
1049 1539 1221 1603 alter
1268 1539 1454 1602 chori
1503 1539 1643 1603 dux
1693 1541 1827 1621 (VV.
1879 1541 2263 1625 444—445)
2312 1541 2445 1602 vir-

308 1649 501 1735 gines
551 1659 617 1712 et
666 1648 977 1711 mulieres
1026 1647 1306 1732 impellit
1354 1658 1427 1710 ut
1474 1667 1707 1710 secum
1755 1645 2238 1731 Persephonae
2287 1669 2445 1732 per-

310 1757 608 1844 vigilium
656 1755 1090 1838 celebrent1).
1187 1754 1457 1832 Quibus
1518 1754 2103 1818 adhortationibus
2165 1777 2446 1840 respon-

308 1863 472 1929 dent
566 1863 1074 1949 quodammodo
1167 1862 1302 1926 duo
1381 1883 1557 1947 quae
1652 1873 2025 1946 sequuntur
2118 1864 2440 1927 carmina.

309 1971 634 2036 Animum
712 1992 966 2056 quaeso
1061 1971 1372 2034 intendas
1451 1970 1536 2033 ad
1635 1969 1845 2033 verba
1923 1968 2050 2032 sibi
2127 1972 2441 2055 opposita

307 2074 686 2169 ἀνθοφόρον
733 2073 831 2144 ἄν’
859 2072 1057 2158 ἄλσος
1104 2100 1301 2142 versu
1336 2083 1486 2154 441,
1536 2079 1601 2156 ἐς
1634 2076 2077 2164 πολυρρόδους
2126 2081 2444 2163 λειμῶνας

309 2209 508 2251 versu
559 2192 686 2252 448
734 2208 874 2272 sq.‚
943 2184 1287 2266 παίζοντες
1348 2208 1549 2249 versu
1599 2190 1765 2262 442,
1837 2184 2181 2266 παίζοντες
2243 2209 2441 2250 versu

310 2301 458 2373 452,
509 2295 740 2383 φέγγος
788 2293 956 2379 ἱερὸν
1005 2291 1202 2361 οἴσων
1256 2316 1455 2357 versu
1505 2300 1657 2371 445,
1717 2294 1951 2384 φέγγος
1999 2292 2222 2380 ἱλαρόν
2269 2296 2444 2361 ἐστιν

308 2424 506 2466 versu
573 2406 722 2467 455.
840 2402 1155 2488 Denique
1226 2401 1390 2465 illud
1478 2421 1753 2465 carmen
1839 2414 2093 2466 cantat·
2143 2404 2441 2467 virorum

308 2510 756 2587 hemichorus,
804 2511 934 2573 hoc
985 2509 1337 2572 mulierum
1387 2509 1834 2572 hemichoruS.

442 2635 655 2699 Paulo
704 2637 922 2699 minus
968 2636 1327 2721 perspicue
1378 2636 1562 2699 chori
1611 2634 1958 2721 bipartitio
2002 2638 2441 2723 cognoscitur

309 2764 394 2806 ex
442 2741 983 2807 Acharnensium
1034 2755 1101 2807 et
1147 2743 1776 2807 Ecclesiazusarum
1824 2744 2108 2829 parodo.

442 2866 1179 2932 Acharnensium
1242 2880 1388 2932 tota
1446 2868 1748 2954 parodus
1794 2869 1996 2955 plane
2062 2871 2441 2956 composita

309 2986 412 3039 est
461 2997 545 3039 ex
598 2975 808 3052 tribus
855 2974 1182 3062 partibus,
1278 2975 1386 3039 Ac
1432 2977 1724 3061 primurn
1772 2977 2047 3062 quidem
2104 2978 2156 3040 si
2206 3000 2438 3042 versus

309 3086 659 3149 204-—232
694 3085 1197 3170 introspexeriS,
1246 3086 1369 3149 hos
1405 3107 1638 3149 versus
1673 3088 1940 3150 minime
1977 3108 2017 3149 a
2052 3099 2194 3151 toto
2231 3090 2439 3153 choro

306 3193 725 3275 pronuntiari
774 3214 973 3276 posse
1024 3194 1226 3257 facile
1275 3194 1648 3280 intelleges

439 3299 700 3362 Versus
734 3301 911 3362 enim
944 3306 1072 3367 204
1092 3307 1317 3379 -209‚
1367 3307 1719 3367 219—224
1757 3315 1894 3366 tam
1929 3315 2112 3367 certe
2149 3304 2440 3368 recitan-

306 3417 414 3470 tur
462 3428 668 3492 quam
715 3427 949 3470 versus
998 3413 1370 3486 210-217,
1421 3414 1772 3475 225—232
1824 3423 2007 3474 certe
2058 3424 2435 3475 cantantur.

308 3513 654 3591 Quoniam
701 3535 864 3576 vero
912 3536 1116 3599 supra
1164 3518 1541 3581 monuimus
1591 3519 1912 3582 recitatos
1960 3540 2194 3582 versus
2244 3520 2437 3583 unius

304 3643 640 3707 personae
702 3623 740 3686 i.
793 3644 850 3687 e.
902 3624 1271 3709 coryphaei
1335 3646 1519 3701 esse,
1591 3625 1859 3689 cantica
1928 3637 2156 3689 autem
2230 3627 2438 3705 chori,

305 3729 593 3813 primurn
641 3752 875 3794 versus
910 3735 1283 3807 204-209,
1334 3735 1686 3796 219—224
1738 3734 2149 3818 coryphan,
2203 3756 2437 3799 versus

308 3841 682 3915 210—217‚
733 3842 1086 3904 225-«232
1137 3840 1345 3903 choro
1393 3839 1838 3904 attribuimus,
1919 3841 2079 3918 Qua
2115 3863 2268 3906 curn
2304 3843 2440 3906 dis-

306 4000 531 4008 ...ψ-*ὴ-
608 4003 730 4009 .--——

452 4087 490 4153 ¹)
529 4090 771 4139 Arnoldt
820 4108 872 4155 p.
905 4094 1004 4141 154
1057 4099 1250 4143 censet
1300 4094 1564 4160 Dionyso
1623 4095 1764 4143 haec
1824 4096 1995 4144 verba
2054 4096 2234 4144 danda
2293 4111 2436 4146 esse.

303 4178 511 4228 Iniuria
552 4182 816 4241 maxima3
876 4197 1055 4245 neque
1098 4185 1244 4230 enim
1285 4184 1574 4249 Dionysus
1615 4183 1802 4234 dicere
1842 4189 2032 4248 potest
2071 4200 2195 4235 sese
2235 4184 2436 4252 ‘facem

304 4273 659 4334 portaturum
700 4269 841 4321 esse’
881 4270 1115 4339 (φέγγος
1153 4264 1300 4344 ἱερὸν
1337 4272 1548 4339 οἴσων).
