3225 5192
1658 546 2099 610 ...42-

812 738 1145 806 Kockz'um
1212 741 1589 828 sequimur,
1663 762 1796 805 non
1860 739 2193 826 praebent
2262 739 2582 806 idoneum
2644 762 2938 808 sensum.

808 848 1103 914 Videtur
1164 851 1368 937 igitur
1414 849 1730 935 Droysen
1791 850 1856 912 in
1906 848 2341 914 translatione
2402 848 2577 913 bene
2627 850 2940 915 conicere

809 956 1159 1022 Palladem
1224 957 1567 1021 Athenam
1635 946 1676 1047 ἢ
1726 955 1844 1047 τὴν
1898 954 2110 1044 χώραν
2173 958 2238 1039 (i.
2289 977 2346 1021 e.
2396 954 2939 1041 Atheniensium)

811 1062 1043 1130 σώσειν
1088 1060 1243 1155 cpvffo‘
1295 1064 1360 1144 ἐς
1405 1062 1522 1144 τὰς
1568 1060 1739 1152 ὥρας
1788 1066 1876 1146 (v.
1922 1066 2098 1147 380).
2191 1063 2451 1158 Versus
2501 1068 2847 1130 354—371
2901 1087 2940 1128 a

813 1172 1205 1258 coryphaeo
1274 1172 1546 1237 recitari
1617 1192 1850 1235 omnes
1919 1172 2065 1235 fere
2132 1172 2644 1254 consentiunt1).
2757 1169 2940 1236 Nam

811 1280 1004 1365 quasi
1068 1300 1323 1364 praeco
1388 1279 1749 1343 Eleusiniis
1819 1280 2098 1343 chorum
2163 1279 2406 1366 linguis
2470 1278 2706 1343 favere
2754 1278 2941 1343 iubet

811 1398 1016 1471 atque
1065 1407 1299 1450 omnes
1346 1387 1653 1450 homines
1695 1387 1992 1471 impuros
2023 1397 2211 1450 vetat
2242 1387 2714 1473 mysteriorum
2765 1386 2941 1451 cele-

811 1492 1102 1557 brationi
1149 1494 1471 1557 interesse
1489 1493 1556 1575 2).
1653 1492 2009 1556 Postremo
2074 1495 2352 1557 chorum
2413 1493 2632 1578 ipsum
2695 1493 2942 1557 adhor-

812 1611 994 1664 tatur
1026 1612 1098 1663 ut
1133 1621 1404 1664 carmen
1437 1601 1618 1664 festo
1656 1600 1765 1664 die
1799 1600 2080 1687 dignum
2114 1612 2370 1675 cantet3
2421 1622 2640 1686 neque
2675 1600 2939 1665 dubitat

812 1708 1057 1771 chorus
1105 1707 1262 1770 duci
1311 1706 1805 1791 obtemperare.

949 1813 1109 1891 Qua
1142 1836 1303 1878 vero
1338 1816 1595 1878 ratione
1633 1815 1856 1879 animo
1884 1815 2258 1901 cogitemus
2284 1816 2562 1879 chorum
2589 1816 2939 1900 sequentia

816 1923 1114 1987 carmina
1189 1921 1675 2007 pronuntiare?
1792 1922 2136 1999 Quoniam
2215 1924 2461 1987 chorus
2538 1945 2575 1986 e
2644 1923 2804 1986 viris
2874 1933 2939 1986 et

814 2028 1201 2093 mulieribus
1251 2041 1518 2093 constat
1568 2030 1687 2111 (cf.
1737 2052 1799 2092 v.
1852 2034 1979 2094 409
2014 2050 2161 2115 sqq.
2212 2052 2273 2093 v.
2325 2032 2503 2111 444),
2553 2030 2797 2094 chorus
2845 2028 2942 2092 bi-

812 2138 1099 2223 partitus
1180 2138 1246 2200 in
1317 2138 1612 2201 virorum
1684 2148 1752 2199 et
1823 2137 2169 2200 mulierum
2240 2137 2664 2201 hemichoros
2740 2137 2940 2222 plane

812 2244 1213 2327 dilabiturss).

952 2351 1355 2436 Spectemus
1387 2372 1547 2414 num
1581 2350 1746 2436 quid
1794 2352 1949 2414 huic
1996 2352 2370 2414 sententiae
2406 2350 2649 2414 obstet.
2717 2349 2942 2414 Odam

816 2460 1019 2545 igitur
1067 2462 1199 2542 (vv.
1231 2459 1608 2540 372—377)
1659 2470 1889 2522 cantat
1926 2459 2217 2522 virorum
2250 2459 2697 2522 hemichorus.
2765 2457 2941 2521 Inter

815 2588 962 2630 sese
1013 2568 1451 2630 cohortantur
1511 2577 1584 2628 ut
1635 2566 1826 2629 laetis
1874 2566 2109 2629 animis
2175 2567 2239 2629 in
2286 2566 2562 2630 floridos
2618 2567 2799 2630 sinus
2847 2567 2941 2629 in·-

814 2675 1161 2738 femorum
1208 2685 1558 2758 pratorum
1606 2674 2015 2758 procedant3
2065 2675 2468 2737 feminarum
2517 2675 2940 2737 hemichorus

816 2781 1069 2847 antoda
1142 2784 1276 2865 (vv.
1343 2784 1749 2863 3778—381)
1829 2783 2265 2844 servatricem
2339 2781 2566 2844 divam
2634 2778 2942 2844 laudibus

817 2890 1096 2954 extollit.
1191 2889 1322 2952 Hic
1371 2900 1554 2953 certe
1605 2890 1926 2953 continua
1976 2890 2191 2953 oratio
2242 2888 2681 2972 intercipitur.
2767 2886 2940 2950 Nam

818 3019 972 3063 curn
1038 3020 1117 3061 ea
1181 3019 1359 3084 quae
1421 2998 1845 3082 praecedunt
1906 2998 2325 3082 prooemium
2392 2997 2582 3082 quasi
2647 2994 2942 3059 celebra-

818 3106 1015 3170 tionis
1068 3107 1478 3181 contineant,
1527 3128 1566 3168 a
1613 3126 1813 3168 versu
1848 3110 1974 3169 382
2025 3105 2350 3190 incipiunt
2400 3104 2566 3167 deos
2614 3103 2940 3189 quosdam

816 3214 1116 3299 singulos
1167 3211 1574 3277 carminibus
1627 3213 1870 3276 colere.

952 3318 1275 3384 Versibus
1311 3324 1659 3386 382—383
1712 3320 2138 3405 coryphaeus
2189 3319 2456 3383 sodales
2504 3318 2826 3382 admonet
2872 3329 2943 3380 ut

817 3428 948 3492 alio
995 3448 1248 3515 genere
1280 3427 1686 3515 hymnorum
1720 3425 2043 3491 Cererem
2076 3426 2276 3490 deam
2310 3425 2676 3502 celebrent,
2725 3445 2942 3509 neque

819 3535 1123 3600 abnuunt
1208 3536 1575 3599 hemichori
1662 3536 1911 3598 iussum
1989 3534 2180 3598 ducis
2259 3536 2393 3617 (vv.
2463 3538 2813 3599 384—388
2862 3561 2940 3586 =-·

964 3787 1003 3853 ¹)
1044 3787 1116 3837 cf.
1159 3789 1305 3838 Kock
1363 3787 1447 3838 ed.
1498 3804 1548 3836 v.
1591 3789 1721 3849 354,
1780 3787 2065 3836 Fritzsche
2123 3786 2209 3836 ed.
2257 3802 2310 3851 p.
2357 3787 2484 3846 191,
2543 3784 2708 3852 Muff
2753 3801 2806 3848 p.
2848 3784 2941 3834 165

817 3877 942 3927 adn.
985 3879 1031 3926 1.

962 3964 1002 4031 2)
1044 3966 1113 4015 cf.
1162 3966 1462 4015 Schiimann
1499 3982 1552 4029 p.
1594 3968 1714 4016 341.

963 4054 1003 4119 ³)
1044 4057 1330 4105 Fritzscke
1369 4055 1455 4105 ed.
1495 4071 1547 4118 p.
1590 4056 1721 4104 187:
1775 4056 1971 4119 ‘Immo
2012 4054 2123 4103 duo
2164 4060 2370 4103 canunt
2408 4054 2777 4114 hemichoria,
2815 4053 2943 4101 alte-

820 4160 944 4193 rum
1000 4147 1274 4206 virorum,
1331 4139 1569 4194 alterum
1627 4144 1980 4193 feminarum'
2038 4143 2110 4193 cf.
2158 4144 2333 4196 schol.
2385 4143 2456 4193 ad
2495 4160 2546 4194 v,
2588 4145 2690 4195 372
2747 4140 2944 4210 διαιρε-

821 4236 1013 4292 θέντος
1047 4232 1148 4285 τοῦ
1173 4232 1369 4306 χοροῦ.
