3225 5192
1161 560 1605 626 -33-

324 756 794 823 attribuendos
857 762 1026 822 esse.
1139 757 1369 834 Quam
1437 769 1651 821 totam
1714 769 1981 842 partem
2048 777 2268 841 neque
2335 756 2458 821 toti

326 866 534 929 choro
603 886 826 951 neque
891 866 1295 929 hemichoris
1366 864 1665 929 adscribi
1732 885 1937 950 posse
2006 885 2241 928 omnes
2310 865 2458 928 fere

323 973 735 1037 recentiores
782 972 908 1036 viri
953 972 1138 1037 docti
1188 972 1619 1036 consentiunt
1639 973 1708 1055 1).

457 1078 624 1145 Ilico
686 1091 1061 1165 sequuntur
1124 1080 1261 1145 duo
1328 1080 1615 1145 cantica.
1711 1079 2014 1144 Chorum
2064 1079 2459 1164 bipartitum

325 1209 474 1252 esse
556 1187 935 1252 concedere
1014 1209 1149 1251 non
1220 1186 1717 1264 dubitabimuS‚
1796 1187 2196 1272 praesertim
2266 1188 2320 1250 si
2394 1187 2458 1251 in

323 1294 671 1379 utriusque
724 1294 972 1358 cantici
1016 1293 1383 1358 verborum
1429 1315 1702 1358 sensum
1750 1294 2134 1358 accuratius
2183 1294 2461 1380 inquisi-

326 1401 638 1464 verimuS.
710 1399 926 1464 Priori
961 1401 1138 1465 enim
1185 1401 1576 1465 hemichoro
1624 1401 1847 1464 varias
1896 1400 2139 1487 quibus
2189 1397 2459 1465 retineri

324 1509 538 1593 possit
587 1506 981 1573 Philocleon
1050 1529 1291 1573 causas
1359 1509 1780 1596 excogitanti
1850 1509 2218 1593 respondet
2287 1509 2461 1573 alter

324 1616 750 1680 hemichorus
827 1618 1120 1681 fortasse
1200 1637 1430 1681 senem
1496 1628 1781 1701 propter
1848 1617 2190 1680 hominem
2260 1616 2459 1680 istum

324 1724 851 1801 fraudulentum,
901 1725 1015 1809 qui
1061 1724 1205 1788 heri
1252 1723 1379 1788 sibi
1426 1724 1697 1809 elapsus
1745 1724 1851 1800 sit,
1908 1724 2008 1787 ira
2055 1745 2457 1808 oppressum

324 1830 503 1895 febri
560 1843 949 1916 correptum
997 1852 1165 1895 esse.
1262 1829 1371 1896 Ac
1437 1831 1632 1894 simul
1697 1831 1787 1894 ad
1854 1843 2231 1894 extremum
2295 1830 2460 1894 allo·
2537 1895 2550 1909 ,

324 1940 551 2026 quitur
582 1938 1091 2003 Philocleonem
1138 1941 1358 2025 ipsum
1405 1940 1779 2004 admonens
1825 1961 1912 2003 ne
1960 1940 2210 2003 diutius
2254 1939 2457 2003 ullam

323 2048 538 2111 faciat
602 2069 860 2111 moram
926 2048 1328 2133 prodeundi.
1441 2048 1756 2133 Utroque
1828 2047 2096 2111 cantico
2164 2059 2456 2111 exeunte

323 2156 695 2219 hemichori
741 2177 989 2241 pueros
1023 2170 1367 2221 revocant.
1439 2156 1642 2233 Quae
1693 2178 1847 2220 cum
1893 2157 1988 2219 ita
2024 2156 2176 2233 sint,
2225 2177 2458 2219 versus

327 2268 670 2330 273—281
728 2265 1016 2329 dextero
1063 2266 1476 2343 hemichoro,
1526 2287 1761 2329 versus
1788 2269 2140 2330 282—290
2188 2264 2457 2328 sinistro

324 2371 715 2436 hemichoro
763 2372 1302 2437 adiudicabimus
1319 2377 1392 2458 2).

458 2478 643 2543 Finis
707 2480 950 2565 parodi
1019 2492 1291 2543 nostrae
1358 2492 1627 2544 constat
1694 2501 1780 2543 ex
1845 2479 2220 2544 amoebaeo
2282 2480 2457 2543 inter

326 2587 791 2674 coryphaeum
855 2599 922 2651 et
968 2609 1272 2672 puerum.
1366 2586 1594 2651 Versu
1652 2588 1831 2650 enim
1878 2591 1999 2652 291
2071 2588 2257 2651 chori
2306 2609 2460 2672 pre-

327 2692 517 2758 cibus
565 2695 882 2760 commoti
931 2695 1124 2780 pueri
1172 2695 1477 2759 redeunt.
1567 2695 1834 2760 Callide
1883 2716 2047 2758 vero
2097 2695 2456 2759 occasione

325 2812 603 2865 utuntur
664 2801 912 2867 oblata.
1007 2801 1149 2866 Sed
1210 2803 1517 2888 quamvis
1578 2802 1886 2888 patribus
1952 2801 2337 2886 supplicent
2385 2814 2458 2865 ut

326 2929 473 2972 sese
523 2909 669 2972 ficis
717 2909 994 2987 donent,
1042 2922 1268 2974 tamen
1315 2931 1558 2994 preces
1607 2932 1647 2973 a
1689 2909 1959 2973 senibus
1992 2909 2455 2995 repudiantur.

461 3014 792 3079 Zielinski
832 3017 1008 3080 hanc
1054 3017 1389 3102 parodum
1438 3039 1651 3103 usque
1700 3018 1790 3081 ad
1823 3039 2095 3081 versum
2129 3022 2256 3082 525
2305 3040 2462 3102 per-

328 3123 539 3186 duxit.
613 3123 957 3200 Quoniam
1004 3124 1071 3187 in
1122 3125 1336 3188 altero
1368 3126 1563 3188 huius
1598 3126 2182 3189 commentationis
2232 3127 2457 3210 capite

325 3230 529 3293 finem
591 3231 732 3293 eius
801 3253 1000 3295 versu
1059 3238 1186 3297 315
1249 3234 1633 3318 posuimus,
1712 3254 1892 3297 nunc
1954 3233 2159 3298 liceat
2219 3236 2457 3318 paucis

327 3338 671 3422 explicare
723 3360 988 3402 versum
1037 3344 1165 3404 334
1214 3361 1361 3426 sqq.
1412 3362 1566 3404 cum
1616 3363 1876 3427 agone,
1940 3343 2056 3427 qui
2105 3340 2464 3404 Zielinskii

325 3447 660 3509 sententia
706 3468 746 3509 a
794 3452 1168 3513 νει-511526
1219 3449 1477 3512 initium
1526 3449 1738 3534 capit,
1803 3449 2137 3512 artissimo
2185 3448 2457 3513 vinculo

327 3554 711 3617 cohaerere.
773 3554 880 3618 Ac
911 3556 1201 3639 primum
1248 3555 1443 3618 huius
1490 3557 1703 3641 partis
1749 3556 2027 3640 propria
2076 3569 2179 3620 est
2214 3556 2457 3620 eadem

325 3662 599 3746 partitio
662 3663 727 3745 (i.
779 3684 835 3726 e.
886 3683 968 3726 ea
1015 3683 1219 3747 quam
1268 3662 1598 3725 Zielinski
1652 3664 1797 3748 ipse
1863 3663 2187 3748 repperit)
2253 3675 2459 3749 atque

472 3893 511 3960 1)
552 3894 624 3947 cf.
665 3895 830 3963 Muff
856 3912 909 3961 p.
934 3900 1027 3947 11:
1069 3896 1321 3962 ‘Endlich
1359 3898 1432 3946 ist
1468 3897 1594 3965 jede
1636 3897 1799 3946 Rolle
1840 3897 1968 3946 dem
2007 3897 2351 3963 Koryph'aos
2391 3913 2459 3945 zu

327 3972 697 4047 iiberweisen,
738 3985 827 4034 die
855 3987 975 4034 sich
1004 3986 1253 4035 dadurch
1280 3987 1361 4036 als
1389 3988 1678 4036 Nichtlied
1704 4003 1772 4035 zu
1801 3986 2084 4036 erkennen
2113 3987 2288 4051 giebt,
2333 3986 2460 4035 dass

327 4077 407 4124 sie
459 4079 573 4124 erst
622 4074 729 4124 den
781 4075 996 4140 Beginn
1051 4078 1202 4125 eines
1252 4077 1458 4126 Liedes
1510 4080 1565 4126 in
1615 4078 1888 4127 Aussicht
1939 4077 2091 4127 stellt
2149 4069 2308 4142 (ἀλλά
2352 4079 2461 4147 ’μοι

326 4162 483 4218 δοκεῖ
515 4156 747 4222 στάντας
783 4157 975 4216 ἐνθάδ’
1016 4155 1218 4239 ὦνδρες
1253 4158 1494 4234 ᾄδοντας
1532 4160 1699 4218 αὐτὸν
1737 4167 2021 4232 ἐκκαλεῖν).

472 4252 512 4323 ²)
554 4255 623 4306 cf.
664 4255 926 4305 Zielinski
959 4271 1012 4321 p.
1056 4258 1172 4308 135.
1979 4250 1983 4254 ¹
