3225 5192
1682 538 2080 600 -2-

821 728 1285 793 Perscrutanti
1345 731 1517 793 haec
1544 730 1951 811 ‚testimonia
1996 729 2423 815 Lysistratae
2492 742 2559 794 et
2608 731 2955 797 Ecclesia-

819 859 1133 900 zusarum
1194 838 1354 900 nihil
1416 836 1741 903 adferunt
1803 837 2255 905 emolumenti.
2349 836 2456 901 Ea
2513 837 2757 923 quibus
2803 838 2955 904 Pax

822 958 889 1008 et
936 943 1125 1007 Aves
1173 955 1374 1007 aucta
1423 955 1605 1020 sunt,⁴
1650 944 2196 1030 cum‘uttiusque
2246 944 2312 1007 in
2359 943 2634 1008 fabulae
2684 947 2955 1011 scholiis

819 1072 956 1114 vox
990 1050 1327 1114 sollemnis
1354 1048 1651 1137 πάροδοι,-
1681 1072 1816 1115 non
1850 1063 2060 1127 extet,
2091 1051 2243 1114 loco
2271 1051 2587 1114 inferiore
2617 1052 2951 1118 tractabo.

819 1157 892 1221 In
947 1157 1198 1221 fabulis
1247 1157 1792 1221 Acharnensium
1840 1158 2166 1242 Equitum
2212 1157 2517 1221 Nubium
2564 1158 2955 1244 Vesparum

819 1264 1170 1329 Ranarum
1221 1286 1425 1351 quam
1473 1265 1561 1328 ob
1610 1287 1755 1328 rem
1803 1266 1911 1328 hic
1960 1278 2076 1328 aut
2121 1265 2253 1329 illic
2284 1266 2620 1350 parodum
2652 1267 2951 1353 incipere

819 1374 1227 1437 scholiorum
1276 1386 1589 1436 auctores
1640 1374 1951 1436 iusserint
1999 1372 2203 1437 facile
2237 1374 2691 1460 cognoscitur.
2770 1373 2954 1438 Nam

819 1480 935 1544 ubi
980 1482 1270 1566 primum
1321 1482 1563 1544 chorus
1610 1479 1823 1544 verba
1869 1481 2060 1557 facit,
2127 1479 2218 1544 ibi
2261 1502 2297 1544 e
2346 1481 2749 1545 scholiastae
2798 1503 2953 1545 sen-

819 1589 1027 1652 tentia
1074 1589 1479 1673 principium
1526 1589 1768 1673 parodi
1818 1588 2250 1652 statuendum
2298 1602 2399 1652 est
2418 1589 2492 1669 1).

953 1713 1059 1776 De
1126 1712 1368 1798 parodi
1435 1713 1618 1776 exitu
1677 1713 1841 1797 quid
1902 1713 2265 1776 scholiasta
2330 1725 2446 1776 aut
2512 1713 2566 1776 is
2638 1714 2793 1776 fons
2863 1735 2954 1776 ex

822 1843 960 1907 quo
1030 1821 1136 1883 ille
1199 1820 1468 1883 fluxerit
1529 1820 2003 1897 iudicaverint,
2078 1841 2489 1905 quamquam
2556 1821 2621 1882 in
2687 1820 2952 1884 duabus

820 1941 1079 1991 tantum
1129 1927 1399 2005 fabulis,
1464 1926 2020 1991 Acharnensibus
2067 1926 2589 2013 Equitibusque‚
2639 1949 2953 1991 versuum

818 2037 930 2121 qui
979 2035 1311 2119 parodum
1380 2035 1686 2098 efficiunt
1750 2055 2066 2097 numerus
2133 2057 2174 2097 a
2222 2034 2585 2098 scholiasta
2642 2034 2951 2111 affertur,

819 2157 1046 2205 tamen
1095 2143 1297 2204 etiam
1347 2163 1432 2204 ex
1485 2142 1729 2205 ceteris
1777 2141 2024 2205 fabulis
2073 2142 2276 2205 facile
2325 2142 2584 2205 restitui
2624 2153 2851 2226 potest
2878 2146 2951 2224 2).

819 2248 999 2311 Nam
1049 2249 1190 2311 sine
1241 2247 1447 2311 dubio
1517 2248 1734 2312 credit
1797 2248 2163 2313 scholiasta
2227 2249 2588 2334 complecti
2646 2248 2946 2313 Nubium

817 2355 1155 2440 parodum
1201 2377 1435 2418 versus
1486 2359 1859 2433 275—313‚
1926 2355 2040 2419 ubi
2106 2357 2526 2441 antistropha
2586 2356 2774 2420 finita
2822 2368 2947 2433 est,

818 2462 1203 2547 Vesparum
1255 2484 1485 2526 versus
1537 2467 1909 2539 230—315‚
1973 2464 2152 2527 unde
2201 2464 2547 2526 Stasimum
2595 2463 2781 2549 quod
2828 2486 2950 2526 no-

819 2572 1108 2634 minatur
1179 2571 1434 2633 initium
1507 2572 1711 2655 capit.
1819 2570 2173 2634 Ranarum
2245 2594 2447 2658 quem
2519 2572 2610 2636 ad
2676 2594 2947 2636 versum

815 2678 1116 2763 parodus
1162 2679 1502 2763 pertineat
1550 2678 1845 2742 dubitari
1893 2691 2143 2764 potest.

952 2785 1061 2848 Ex
1126 2786 1311 2848 hisce
1376 2786 1537 2849 satis
1604 2786 2017 2871 intellegitur
2087 2785 2484 2849 scholiastas
2553 2787 2619 2849 in
2684 2785 2949 2871 parodo

818 2893 1331 2956 determinanda
1397 2905 1667 2957 secutos
1734 2915 1882 2957 esse
1948 2893 2407 2957 definitionem
2474 2893 2654 2957 illam
2699 2894 2946 2979 parodi

965 3144 1003 3208 ¹)
1054 3144 1122 3194 cf.
1173 3144 1347 3195 schol.
1402 3144 1545 3194 Ach.
1600 3161 1651 3193 v,
1692 3145 1820 3193 204:
1888 3135 2168 3195 Ἐντεῦθεν
2217 3138 2245 3206 ἡ
2293 3134 2540 3214 πάροδος
2593 3145 2803 3209 γίνεται
2849 3141 2949 3191 τοῦ

808 3233 1003 3305 χοροῦ.
1046 3235 1183 3298 Equ.
1224 3250 1274 3282 v.
1315 3236 1442 3284 247:
1500 3226 1780 3284 Ἐντεῦθεν
1821 3230 1846 3298 ἡ
1886 3226 2133 3305 πάροδος
2177 3237 2385 3300 γίνεται
2420 3232 2520 3283 τοῦ
2546 3232 2742 3305 χοροῦ.
2799 3233 2949 3280 Nub.

820 3341 870 3373 v.
911 3325 1038 3374 275:
1094 3322 1193 3372 τοῦ
1242 3322 1300 3373 δὲ
1332 3323 1511 3393 χοροῦ
1560 3316 1626 3372 τὰ
1666 3322 1999 3394 ἑκατέρωθεν
2037 3324 2262 3389 λέγουσι
2318 3315 2616 3394 παρόδους,
2673 3315 2844 3377 οὔσας
2892 3299 2952 3380 ιζ’

818 3405 1020 3463 κώλων.
1095 3414 1138 3460 V
1144 3428 1257 3476 esp.
1299 3429 1349 3460 v.
1391 3414 1518 3463 230:
1578 3414 1632 3461 οἱ
1669 3411 1768 3461 τοῦ
1795 3411 1975 3482 χοροῦ
2012 3409 2070 3461 δὲ
2113 3404 2362 3476 ἀλλήλοις
2408 3403 2818 3482 ἐγκελευόμενοι
2856 3403 2953 3474 τὴν

820 3493 1072 3572 πάροδον
1110 3500 1413 3551 ποιοῦνται.
1475 3502 1615 3552 Ran.
1655 3518 1705 3552 v.
1749 3503 1878 3551 316:
1933 3496 2000 3550 ‘ll
2036 3492 2284 3572 πάροδος
2319 3501 2410 3564 τῆς
2448 3493 2590 3565 ᾠδῆς
2626 3492 2816 3564 ταύτης
2851 3500 2954 3550 τοῦ

818 3589 926 3639 τῶν
949 3590 1175 3659 μυστῶν
1203 3590 1383 3661 χοροῦ
1419 3583 1608 3641 κώλων
1647 3590 1792 3640 ἐστὶν
1831 3582 2272 3641 ιῖντισπαστικῶν
2308 3581 2413 3640 δύο
2452 3588 2721 3659 ὃιμέτρων
2744 3595 2952 3660 βραχυ-

821 3670 1180 3741 καταλὴκτων.

966 3765 1006 3832 2)
1047 3767 1117 3817 cf.
1159 3769 1333 3819 schol.
1373 3770 1517 3818 Ach.
1559 3787 1608 3818 v.
1654 3772 1784 3819 204:
1844 3772 2138 3838 εἰσέρχεται
2174 3761 2284 3838 γὰρ
2324 3763 2352 3816 ὁ
2382 3758 2556 3836 χορὸς
2601 3757 2817 3817 διώκων
2853 3760 2954 3818 τὸν

815 3848 1139 3923 Ἀμφίθεον,
1198 3861 1287 3907 καὶ
1335 3858 1448 3908 ἔστι
1484 3852 1845 3927 μεταβολικὸν
1888 3860 2053 3925 μέλος
2102 3858 2160 3908 ἐκ
2198 3847 2301 3906 δύο
2338 3846 2604 3925 μονάδων
2648 3872 2955 3928 μονοστρο-

826 3946 1035 4013 qomiv„
1060 3931 1137 3995 ὧν
1178 3942 1203 4010 ἡ
1241 3946 1343 4016 μὲν
1382 3940 1562 4017 πρώτη
1601 3940 1671 3998 ιδ’
1714 3940 1902 3997 κώλων
1940 3948 2047 4014 ἔχει
2084 3940 2179 4002 τὰς
2206 3937 2496 4015 περιόδους
2536 3946 2944 4010 (vv.204—218

822 4057 903 4080 =
932 4038 1254 4115 219—2333).
1295 4038 1431 4101 Equ.
1464 4055 1512 4085 v.
1542 4040 1674 4088 247:
1717 4039 1769 4086 οἱ
1795 4034 1854 4087 δὲ
1883 4041 2060 4103 στίχοι
2097 4039 2376 4109 τροχαϊκοὶ
2413 4027 2759 4107 τετράμετροι
2783 4054 2951 4085 κατα-

821 4127 1053 4190 ληκτικοὶ
1093 4125 1154 4186 λζ
1200 4141 1212 4153 ·
1253 4109 1329 4176 ὧν
1377 4127 1677 4182 τελευταῖος
1731 4129 1822 4176 καὶ
1868 4128 2103 4197 τεζιιιιχος
2159 4111 2224 4176 οὗ
2280 4126 2542 4199 Περικλῆς
2598 4118 2697 4176 οὐκ
2747 4117 2953 4191 ἠξιώθη

823 4206 1062 4267 πώποτε.
