<?xml version="1.0" encoding="UTF-8"?>
<!DOCTYPE html PUBLIC "-//W3C//DTD XHTML 1.0 Transitional//EN"
    "http://www.w3.org/TR/xhtml1/DTD/xhtml1-transitional.dtd">
<html xmlns="http://www.w3.org/1999/xhtml" xml:lang="en" lang="en">
 <head>
  <title>
</title>
<meta http-equiv="Content-Type" content="text/html;charset=utf-8" />
  <meta name='ocr-system' content='tesseract 3.04.00' />
  <meta name='ocr-capabilities' content='ocr_page ocr_carea ocr_par ocr_line ocrx_word'/>
</head>
<body>
  <div class='ocr_page' id='page_1' title='image "./quaestionesdepa00rosegoog_0044.png"; bbox 0 0 3225 5192; ppageno 0'>
   <div class='ocr_carea' id='block_1_1' title="bbox 704 751 2913 3525">
    <p class='ocr_par' dir='ltr' id='par_1_1' title="bbox 782 751 2913 1058">
     <span class='ocr_line' id='line_1_1' title="bbox 785 751 2913 840; baseline 0.002 -24"><span class='ocrx_word' id='word_1_1' title='bbox 785 774 857 816; x_wconf 90' lang='lat' dir='ltr'>se</span> <span class='ocrx_word' id='word_1_2' title='bbox 907 751 1115 817; x_wconf 91' lang='lat' dir='ltr'>obicit</span> <span class='ocrx_word' id='word_1_3' title='bbox 1164 753 1503 839; x_wconf 88' lang='lat' dir='ltr'>efficitque</span> <span class='ocrx_word' id='word_1_4' title='bbox 1552 767 1627 818; x_wconf 95' lang='lat' dir='ltr'>ut</span> <span class='ocrx_word' id='word_1_5' title='bbox 1674 754 1940 839; x_wconf 91' lang='lat' dir='ltr'>utrique</span> <span class='ocrx_word' id='word_1_6' title='bbox 1987 767 2291 840; x_wconf 91' lang='lat' dir='ltr'>potestas</span> <span class='ocrx_word' id='word_1_7' title='bbox 2359 755 2478 819; x_wconf 88' lang='lat' dir='ltr'>fiat</span> <span class='ocrx_word' id='word_1_8' title='bbox 2524 757 2625 819; x_wconf 91' lang='lat' dir='ltr'>sui</span> <span class='ocrx_word' id='word_1_9' title='bbox 2673 757 2913 821; x_wconf 79' lang='lat' dir='ltr'>defen-</span> 
     </span>
     <span class='ocr_line' id='line_1_2' title="bbox 784 859 2912 949; baseline 0.002 -25"><span class='ocrx_word' id='word_1_10' title='bbox 784 860 1011 925; x_wconf 91' lang='lat' dir='ltr'>dendi.</span> <span class='ocrx_word' id='word_1_11' title='bbox 1088 859 1172 938; x_wconf 85' lang='lat' dir='ltr'>Is,</span> <span class='ocrx_word' id='word_1_12' title='bbox 1221 862 1336 946; x_wconf 94' lang='lat' dir='ltr'>qui</span> <span class='ocrx_word' id='word_1_13' title='bbox 1369 882 1522 925; x_wconf 91' lang='lat' dir='ltr'>cum</span> <span class='ocrx_word' id='word_1_14' title='bbox 1552 861 1800 947; x_wconf 87' lang='lat' dir='ltr'>Epope</span> <span class='ocrx_word' id='word_1_15' title='bbox 1834 863 1998 949; x_wconf 87' lang='lat' dir='ltr'>agit,</span> <span class='ocrx_word' id='word_1_16' title='bbox 2050 861 2424 927; x_wconf 91' lang='lat' dir='ltr'>secundum</span> <span class='ocrx_word' id='word_1_17' title='bbox 2471 864 2567 927; x_wconf 89' lang='lat' dir='ltr'>rei</span> <span class='ocrx_word' id='word_1_18' title='bbox 2602 875 2912 929; x_wconf 88' lang='lat' dir='ltr'>naturam</span> 
     </span>
     <span class='ocr_line' id='line_1_3' title="bbox 782 969 2401 1058; baseline 0.001 -27"><span class='ocrx_word' id='word_1_19' title='bbox 782 989 983 1031; x_wconf 91' lang='lat' dir='ltr'>nemo</span> <span class='ocrx_word' id='word_1_20' title='bbox 1031 979 1259 1054; x_wconf 90' lang='lat' dir='ltr'>potest</span> <span class='ocrx_word' id='word_1_21' title='bbox 1305 969 1472 1032; x_wconf 89' lang='lat' dir='ltr'>alius</span> <span class='ocrx_word' id='word_1_22' title='bbox 1520 990 1668 1033; x_wconf 92' lang='lat' dir='ltr'>esse</span> <span class='ocrx_word' id='word_1_23' title='bbox 1715 969 1840 1033; x_wconf 92' lang='lat' dir='ltr'>nisi</span> <span class='ocrx_word' id='word_1_24' title='bbox 1888 971 2316 1058; x_wconf 88' lang='lat' dir='ltr'>coryphaeus</span> <span class='ocrx_word' id='word_1_25' title='bbox 2335 973 2401 1054; x_wconf 90' lang='grc'>1).</span> 
     </span>
    </p>

    <p class='ocr_par' dir='ltr' id='par_1_2' title="bbox 766 1074 2909 2774">
     <span class='ocr_line' id='line_1_4' title="bbox 917 1074 2909 1164; baseline 0.003 -27"><span class='ocrx_word' id='word_1_26' title='bbox 917 1074 990 1138; x_wconf 93' lang='lat' dir='ltr'>In</span> <span class='ocrx_word' id='word_1_27' title='bbox 1033 1075 1273 1160; x_wconf 89' lang='lat' dir='ltr'>parodi</span> <span class='ocrx_word' id='word_1_28' title='bbox 1320 1075 1451 1139; x_wconf 87' lang='lat' dir='ltr'>fine</span> <span class='ocrx_word' id='word_1_29' title='bbox 1487 1088 1759 1140; x_wconf 82' lang='lat' dir='ltr'>exstant</span> <span class='ocrx_word' id='word_1_30' title='bbox 1792 1077 1929 1141; x_wconf 94' lang='lat' dir='ltr'>duo</span> <span class='ocrx_word' id='word_1_31' title='bbox 1962 1076 2355 1155; x_wconf 85' lang='lat' dir='ltr'>amoebaea‚</span> <span class='ocrx_word' id='word_1_32' title='bbox 2406 1099 2693 1163; x_wconf 89' lang='lat' dir='ltr'>quorum</span> <span class='ocrx_word' id='word_1_33' title='bbox 2723 1080 2909 1164; x_wconf 91' lang='lat' dir='ltr'>prius</span> 
     </span>
     <span class='ocr_line' id='line_1_5' title="bbox 778 1180 2908 1268; baseline 0.001 -23"><span class='ocrx_word' id='word_1_34' title='bbox 778 1204 819 1245; x_wconf 90' lang='lat' dir='ltr'>a</span> <span class='ocrx_word' id='word_1_35' title='bbox 867 1180 1293 1246; x_wconf 91' lang='lat' dir='ltr'>Pisthetaero</span> <span class='ocrx_word' id='word_1_36' title='bbox 1356 1194 1423 1246; x_wconf 94' lang='lat' dir='ltr'>et</span> <span class='ocrx_word' id='word_1_37' title='bbox 1468 1182 1804 1268; x_wconf 90' lang='lat' dir='ltr'>Euelpide</span> <span class='ocrx_word' id='word_1_38' title='bbox 1872 1184 2005 1265; x_wconf 86' lang='lat' dir='ltr'>(vv.</span> <span class='ocrx_word' id='word_1_39' title='bbox 2058 1187 2471 1267; x_wconf 84' lang='lat'>386—399)‚</span> <span class='ocrx_word' id='word_1_40' title='bbox 2535 1185 2818 1249; x_wconf 87' lang='lat' dir='ltr'>alterum</span> <span class='ocrx_word' id='word_1_41' title='bbox 2865 1208 2908 1249; x_wconf 88' lang='lat' dir='ltr'>a</span> 
     </span>
     <span class='ocr_line' id='line_1_6' title="bbox 779 1289 2906 1375; baseline 0.002 -23"><span class='ocrx_word' id='word_1_42' title='bbox 779 1290 986 1353; x_wconf 90' lang='lat' dir='ltr'>choro</span> <span class='ocrx_word' id='word_1_43' title='bbox 1051 1301 1119 1353; x_wconf 94' lang='lat' dir='ltr'>et</span> <span class='ocrx_word' id='word_1_44' title='bbox 1164 1289 1410 1375; x_wconf 88' lang='lat' dir='ltr'>Epope</span> <span class='ocrx_word' id='word_1_45' title='bbox 1477 1292 1611 1371; x_wconf 86' lang='lat' dir='ltr'>(vv.</span> <span class='ocrx_word' id='word_1_46' title='bbox 1664 1295 2041 1375; x_wconf 85' lang='lat'>400—434)</span> <span class='ocrx_word' id='word_1_47' title='bbox 2115 1304 2467 1355; x_wconf 89' lang='lat' dir='ltr'>canuntur.</span> <span class='ocrx_word' id='word_1_48' title='bbox 2563 1292 2906 1369; x_wconf 85' lang='lat' dir='ltr'>Quoniam</span> 
     </span>
     <span class='ocr_line' id='line_1_7' title="bbox 777 1397 2906 1483; baseline 0.002 -24"><span class='ocrx_word' id='word_1_49' title='bbox 777 1397 983 1482; x_wconf 82' lang='lat' dir='ltr'>igitur</span> <span class='ocrx_word' id='word_1_50' title='bbox 1030 1419 1190 1460; x_wconf 91' lang='lat' dir='ltr'>aves</span> <span class='ocrx_word' id='word_1_51' title='bbox 1257 1397 1549 1460; x_wconf 83' lang='lat' dir='ltr'>indutias</span> <span class='ocrx_word' id='word_1_52' title='bbox 1615 1399 1965 1483; x_wconf 90' lang='lat' dir='ltr'>aspernari</span> <span class='ocrx_word' id='word_1_53' title='bbox 2030 1420 2163 1462; x_wconf 92' lang='lat' dir='ltr'>non</span> <span class='ocrx_word' id='word_1_54' title='bbox 2229 1400 2576 1477; x_wconf 85' lang='lat' dir='ltr'>videntur,</span> <span class='ocrx_word' id='word_1_55' title='bbox 2641 1398 2906 1464; x_wconf 83' lang='lat' dir='ltr'>Pisthe-</span> 
     </span>
     <span class='ocr_line' id='line_1_8' title="bbox 776 1505 2901 1571; baseline 0.002 -4"><span class='ocrx_word' id='word_1_56' title='bbox 776 1516 1004 1568; x_wconf 92' lang='lat' dir='ltr'>taerus</span> <span class='ocrx_word' id='word_1_57' title='bbox 1070 1506 1357 1568; x_wconf 89' lang='lat' dir='ltr'>amicum</span> <span class='ocrx_word' id='word_1_58' title='bbox 1428 1505 1830 1569; x_wconf 84' lang='lat' dir='ltr'>adhortatur</span> <span class='ocrx_word' id='word_1_59' title='bbox 1896 1518 1970 1570; x_wconf 92' lang='lat' dir='ltr'>ut</span> <span class='ocrx_word' id='word_1_60' title='bbox 2034 1506 2236 1570; x_wconf 92' lang='lat' dir='ltr'>ollam</span> <span class='ocrx_word' id='word_1_61' title='bbox 2300 1518 2367 1570; x_wconf 91' lang='lat' dir='ltr'>et</span> <span class='ocrx_word' id='word_1_62' title='bbox 2416 1508 2676 1570; x_wconf 89' lang='lat' dir='ltr'>catinos</span> <span class='ocrx_word' id='word_1_63' title='bbox 2724 1508 2901 1571; x_wconf 89' lang='lat' dir='ltr'>humi</span> 
     </span>
     <span class='ocr_line' id='line_1_9' title="bbox 774 1611 2902 1699; baseline 0.002 -24"><span class='ocrx_word' id='word_1_64' title='bbox 774 1611 1077 1697; x_wconf 88' lang='lat' dir='ltr'>deponat</span> <span class='ocrx_word' id='word_1_65' title='bbox 1094 1614 1162 1695; x_wconf 71' lang='lat'>2).</span> <span class='ocrx_word' id='word_1_66' title='bbox 1256 1612 1574 1677; x_wconf 83' lang='lat' dir='ltr'>Similiter</span> <span class='ocrx_word' id='word_1_67' title='bbox 1641 1614 1846 1677; x_wconf 88' lang='lat' dir='ltr'>etiam</span> <span class='ocrx_word' id='word_1_68' title='bbox 1913 1616 2157 1677; x_wconf 91' lang='lat' dir='ltr'>chorus</span> <span class='ocrx_word' id='word_1_69' title='bbox 2225 1615 2338 1699; x_wconf 92' lang='lat' dir='ltr'>qui</span> <span class='ocrx_word' id='word_1_70' title='bbox 2407 1616 2540 1677; x_wconf 89' lang='lat' dir='ltr'>iarn</span> <span class='ocrx_word' id='word_1_71' title='bbox 2588 1635 2902 1679; x_wconf 87' lang='lat' dir='ltr'>scaenam</span> 
     </span>
     <span class='ocr_line' id='line_1_10' title="bbox 773 1721 2900 1798; baseline 0.002 -16"><span class='ocrx_word' id='word_1_72' title='bbox 773 1740 1176 1783; x_wconf 87' lang='lat' dir='ltr'>ascensurus</span> <span class='ocrx_word' id='word_1_73' title='bbox 1244 1732 1426 1798; x_wconf 86' lang='lat' dir='ltr'>erat,</span> <span class='ocrx_word' id='word_1_74' title='bbox 1496 1742 1645 1784; x_wconf 89' lang='lat' dir='ltr'>sese</span> <span class='ocrx_word' id='word_1_75' title='bbox 1713 1723 1780 1784; x_wconf 91' lang='lat' dir='ltr'>in</span> <span class='ocrx_word' id='word_1_76' title='bbox 1847 1723 2265 1785; x_wconf 86' lang='lat' dir='ltr'>orchestram</span> <span class='ocrx_word' id='word_1_77' title='bbox 2333 1721 2599 1785; x_wconf 89' lang='lat' dir='ltr'>iubetur</span> <span class='ocrx_word' id='word_1_78' title='bbox 2644 1723 2900 1786; x_wconf 79' lang='lat' dir='ltr'>referre</span> 
     </span>
     <span class='ocr_line' id='line_1_11' title="bbox 775 1828 2898 1913; baseline 0.002 -23"><span class='ocrx_word' id='word_1_79' title='bbox 775 1831 861 1910; x_wconf 86' lang='lat' dir='ltr'>(v.</span> <span class='ocrx_word' id='word_1_80' title='bbox 914 1829 1068 1910; x_wconf 88' lang='lat'>400)</span> <span class='ocrx_word' id='word_1_81' title='bbox 1132 1840 1336 1913; x_wconf 88' lang='lat' dir='ltr'>atque</span> <span class='ocrx_word' id='word_1_82' title='bbox 1385 1829 1550 1891; x_wconf 89' lang='lat' dir='ltr'>iram</span> <span class='ocrx_word' id='word_1_83' title='bbox 1600 1828 1946 1913; x_wconf 88' lang='lat' dir='ltr'>deponere</span> <span class='ocrx_word' id='word_1_84' title='bbox 1996 1830 2188 1913; x_wconf 87' lang='lat' dir='ltr'>quasi</span> <span class='ocrx_word' id='word_1_85' title='bbox 2235 1841 2308 1892; x_wconf 92' lang='lat' dir='ltr'>ut</span> <span class='ocrx_word' id='word_1_86' title='bbox 2356 1851 2544 1893; x_wconf 85' lang='lat' dir='ltr'>arma</span> <span class='ocrx_word' id='word_1_87' title='bbox 2606 1831 2693 1912; x_wconf 87' lang='lat' dir='ltr'>(V.</span> <span class='ocrx_word' id='word_1_88' title='bbox 2746 1832 2898 1913; x_wconf 84' lang='lat'>402)</span> 
     </span>
     <span class='ocr_line' id='line_1_12' title="bbox 774 1935 2903 2022; baseline 0 -23"><span class='ocrx_word' id='word_1_89' title='bbox 774 1936 864 1999; x_wconf 80' lang='lat' dir='ltr'>cf.</span> <span class='ocrx_word' id='word_1_90' title='bbox 914 1959 976 1999; x_wconf 93' lang='lat' dir='ltr'>v.</span> <span class='ocrx_word' id='word_1_91' title='bbox 1029 1941 1154 2001; x_wconf 83' lang='lat'>386</span> <span class='ocrx_word' id='word_1_92' title='bbox 1205 1958 1304 2021; x_wconf 92' lang='lat' dir='ltr'>sq.</span> <span class='ocrx_word' id='word_1_93' title='bbox 1417 1936 1639 1999; x_wconf 88' lang='lat' dir='ltr'>Recte</span> <span class='ocrx_word' id='word_1_94' title='bbox 1704 1937 1827 1998; x_wconf 85' lang='lat' dir='ltr'>viri</span> <span class='ocrx_word' id='word_1_95' title='bbox 1893 1937 2081 2000; x_wconf 91' lang='lat' dir='ltr'>docti</span> <span class='ocrx_word' id='word_1_96' title='bbox 2145 1935 2339 2017; x_wconf 71' lang='lat' dir='ltr'><em>‚fisuff</em></span> <span class='ocrx_word' id='word_1_97' title='bbox 2397 1939 2488 2021; x_wconf 93' lang='lat' dir='ltr'>(p.</span> <span class='ocrx_word' id='word_1_98' title='bbox 2542 1942 2600 2002; x_wconf 88' lang='lat'>9.</span> <span class='ocrx_word' id='word_1_99' title='bbox 2654 1938 2763 2022; x_wconf 84' lang='lat'>65)</span> <span class='ocrx_word' id='word_1_100' title='bbox 2834 1951 2903 2000; x_wconf 89' lang='lat' dir='ltr'>et</span> 
     </span>
     <span class='ocr_line' id='line_1_13' title="bbox 770 2041 2901 2133; baseline 0.002 -29"><span class='ocrx_word' id='word_1_101' title='bbox 770 2041 1066 2105; x_wconf 77' lang='lat' dir='ltr'>Arnoldt</span> <span class='ocrx_word' id='word_1_102' title='bbox 1115 2046 1206 2127; x_wconf 92' lang='lat' dir='ltr'>(p.</span> <span class='ocrx_word' id='word_1_103' title='bbox 1262 2046 1374 2127; x_wconf 81' lang='lat'>74)</span> <span class='ocrx_word' id='word_1_104' title='bbox 1440 2055 1722 2107; x_wconf 87' lang='lat' dir='ltr'>censent</span> <span class='ocrx_word' id='word_1_105' title='bbox 1787 2046 1910 2107; x_wconf 93' lang='lat' dir='ltr'>hos</span> <span class='ocrx_word' id='word_1_106' title='bbox 1975 2066 2206 2107; x_wconf 90' lang='lat' dir='ltr'>versus</span> <span class='ocrx_word' id='word_1_107' title='bbox 2268 2044 2472 2107; x_wconf 89' lang='lat' dir='ltr'>solius</span> <span class='ocrx_word' id='word_1_108' title='bbox 2531 2046 2901 2133; x_wconf 88' lang='lat' dir='ltr'>coryphaei</span> 
     </span>
     <span class='ocr_line' id='line_1_14' title="bbox 770 2150 2901 2238; baseline 0.001 -25"><span class='ocrx_word' id='word_1_109' title='bbox 770 2171 937 2213; x_wconf 91' lang='lat' dir='ltr'>esse.</span> <span class='ocrx_word' id='word_1_110' title='bbox 1011 2150 1234 2213; x_wconf 89' lang='lat' dir='ltr'>Versu</span> <span class='ocrx_word' id='word_1_111' title='bbox 1270 2155 1397 2216; x_wconf 84' lang='lat'>406</span> <span class='ocrx_word' id='word_1_112' title='bbox 1451 2153 1879 2238; x_wconf 88' lang='lat' dir='ltr'>coryphaeus</span> <span class='ocrx_word' id='word_1_113' title='bbox 1913 2152 2276 2237; x_wconf 89' lang='lat' dir='ltr'>alloquitur</span> <span class='ocrx_word' id='word_1_114' title='bbox 2307 2152 2644 2238; x_wconf 91' lang='lat' dir='ltr'>Epopem.</span> <span class='ocrx_word' id='word_1_115' title='bbox 2718 2152 2901 2217; x_wconf 89' lang='lat' dir='ltr'>Con-</span> 
     </span>
     <span class='ocr_line' id='line_1_15' title="bbox 771 2260 2900 2347; baseline 0.001 -27"><span class='ocrx_word' id='word_1_116' title='bbox 771 2270 1170 2321; x_wconf 88' lang='lat' dir='ltr'>sentaneum</span> <span class='ocrx_word' id='word_1_117' title='bbox 1219 2271 1321 2321; x_wconf 90' lang='lat' dir='ltr'>est</span> <span class='ocrx_word' id='word_1_118' title='bbox 1355 2261 1820 2347; x_wconf 86' lang='lat' dir='ltr'>coryphaeum</span> <span class='ocrx_word' id='word_1_119' title='bbox 1868 2260 2083 2323; x_wconf 92' lang='lat' dir='ltr'>solum</span> <span class='ocrx_word' id='word_1_120' title='bbox 2118 2260 2303 2345; x_wconf 92' lang='lat' dir='ltr'>quod</span> <span class='ocrx_word' id='word_1_121' title='bbox 2338 2261 2643 2345; x_wconf 90' lang='lat' dir='ltr'>sequitur</span> <span class='ocrx_word' id='word_1_122' title='bbox 2675 2282 2900 2324; x_wconf 90' lang='lat' dir='ltr'>amoe-</span> 
     </span>
     <span class='ocr_line' id='line_1_16' title="bbox 768 2364 2896 2452; baseline 0.001 -24"><span class='ocrx_word' id='word_1_123' title='bbox 768 2364 922 2429; x_wconf 88' lang='lat' dir='ltr'>baei</span> <span class='ocrx_word' id='word_1_124' title='bbox 971 2366 1208 2450; x_wconf 90' lang='lat' dir='ltr'>(usque</span> <span class='ocrx_word' id='word_1_125' title='bbox 1259 2365 1346 2429; x_wconf 87' lang='lat' dir='ltr'>ad</span> <span class='ocrx_word' id='word_1_126' title='bbox 1396 2389 1457 2429; x_wconf 89' lang='lat' dir='ltr'>v.</span> <span class='ocrx_word' id='word_1_127' title='bbox 1487 2369 1642 2450; x_wconf 86' lang='lat'>431)</span> <span class='ocrx_word' id='word_1_128' title='bbox 1693 2368 2098 2452; x_wconf 90' lang='lat' dir='ltr'>participem</span> <span class='ocrx_word' id='word_1_129' title='bbox 2147 2390 2313 2432; x_wconf 91' lang='lat' dir='ltr'>esse.</span> <span class='ocrx_word' id='word_1_130' title='bbox 2384 2367 2512 2432; x_wconf 84' lang='lat' dir='ltr'>Cui</span> <span class='ocrx_word' id='word_1_131' title='bbox 2547 2368 2896 2452; x_wconf 86' lang='lat' dir='ltr'>quaerenti</span> 
     </span>
     <span class='ocr_line' id='line_1_17' title="bbox 766 2473 2896 2560; baseline 0.001 -25"><span class='ocrx_word' id='word_1_132' title='bbox 766 2473 1006 2558; x_wconf 90' lang='lat' dir='ltr'>Epops</span> <span class='ocrx_word' id='word_1_133' title='bbox 1073 2475 1294 2536; x_wconf 87' lang='lat' dir='ltr'>omnia</span> <span class='ocrx_word' id='word_1_134' title='bbox 1359 2474 1623 2560; x_wconf 86' lang='lat' dir='ltr'>singula</span> <span class='ocrx_word' id='word_1_135' title='bbox 1689 2476 2193 2538; x_wconf 89' lang='lat' dir='ltr'>accuratissime</span> <span class='ocrx_word' id='word_1_136' title='bbox 2260 2476 2597 2560; x_wconf 85' lang='lat' dir='ltr'>explicat,</span> <span class='ocrx_word' id='word_1_137' title='bbox 2664 2477 2758 2539; x_wconf 89' lang='lat' dir='ltr'>ita</span> <span class='ocrx_word' id='word_1_138' title='bbox 2823 2487 2896 2538; x_wconf 93' lang='lat' dir='ltr'>ut</span> 
     </span>
     <span class='ocr_line' id='line_1_18' title="bbox 767 2582 2896 2647; baseline 0.001 -4"><span class='ocrx_word' id='word_1_139' title='bbox 767 2592 947 2643; x_wconf 91' lang='lat' dir='ltr'>totus</span> <span class='ocrx_word' id='word_1_140' title='bbox 997 2582 1240 2644; x_wconf 89' lang='lat' dir='ltr'>chorus</span> <span class='ocrx_word' id='word_1_141' title='bbox 1288 2603 1394 2643; x_wconf 83' lang='lat' dir='ltr'>VV.</span> <span class='ocrx_word' id='word_1_142' title='bbox 1448 2586 1575 2646; x_wconf 90' lang='grc'>432</span> <span class='ocrx_word' id='word_1_143' title='bbox 1600 2585 1800 2646; x_wconf 81' lang='grc'>-434</span> <span class='ocrx_word' id='word_1_144' title='bbox 1859 2604 2007 2645; x_wconf 91' lang='lat' dir='ltr'>sese</span> <span class='ocrx_word' id='word_1_145' title='bbox 2056 2604 2316 2647; x_wconf 91' lang='lat' dir='ltr'>summo</span> <span class='ocrx_word' id='word_1_146' title='bbox 2367 2583 2704 2647; x_wconf 90' lang='lat' dir='ltr'>desiderio</span> <span class='ocrx_word' id='word_1_147' title='bbox 2754 2583 2896 2647; x_wconf 82' lang='lat' dir='ltr'>illos</span> 
     </span>
     <span class='ocr_line' id='line_1_19' title="bbox 766 2687 1890 2774; baseline 0.001 -23"><span class='ocrx_word' id='word_1_148' title='bbox 766 2688 1084 2751; x_wconf 88' lang='lat' dir='ltr'>audiendi</span> <span class='ocrx_word' id='word_1_149' title='bbox 1130 2687 1422 2774; x_wconf 86' lang='lat' dir='ltr'>flagrare</span> <span class='ocrx_word' id='word_1_150' title='bbox 1469 2689 1890 2773; x_wconf 88' lang='lat' dir='ltr'>profiteatur.</span> 
     </span>
    </p>

    <p class='ocr_par' dir='ltr' id='par_1_3' title="bbox 766 2794 2895 3203">
     <span class='ocr_line' id='line_1_20' title="bbox 902 2794 2894 2884; baseline 0.001 -25"><span class='ocrx_word' id='word_1_151' title='bbox 902 2794 1166 2880; x_wconf 86' lang='lat' dir='ltr'>Singuli</span> <span class='ocrx_word' id='word_1_152' title='bbox 1237 2818 1470 2859; x_wconf 89' lang='lat' dir='ltr'>versus</span> <span class='ocrx_word' id='word_1_153' title='bbox 1542 2797 1907 2861; x_wconf 90' lang='lat' dir='ltr'>artificiose</span> <span class='ocrx_word' id='word_1_154' title='bbox 1978 2799 2153 2861; x_wconf 90' lang='lat' dir='ltr'>inter</span> <span class='ocrx_word' id='word_1_155' title='bbox 2223 2819 2373 2862; x_wconf 91' lang='lat' dir='ltr'>sese</span> <span class='ocrx_word' id='word_1_156' title='bbox 2438 2799 2533 2861; x_wconf 91' lang='lat' dir='ltr'>ita</span> <span class='ocrx_word' id='word_1_157' title='bbox 2601 2798 2894 2884; x_wconf 90' lang='lat' dir='ltr'>oppositi</span> 
     </span>
     <span class='ocr_line' id='line_1_21' title="bbox 766 2905 2895 2984; baseline 0.003 -19"><span class='ocrx_word' id='word_1_158' title='bbox 766 2915 921 2966; x_wconf 91' lang='lat' dir='ltr'>sunt</span> <span class='ocrx_word' id='word_1_159' title='bbox 1001 2916 1072 2966; x_wconf 91' lang='lat' dir='ltr'>ut</span> <span class='ocrx_word' id='word_1_160' title='bbox 1152 2925 1383 2967; x_wconf 86' lang='lat' dir='ltr'>versus</span> <span class='ocrx_word' id='word_1_161' title='bbox 1463 2909 1811 2970; x_wconf 83' lang='grc'>406-407</span> <span class='ocrx_word' id='word_1_162' title='bbox 1903 2926 2056 2969; x_wconf 91' lang='lat' dir='ltr'>cum</span> <span class='ocrx_word' id='word_1_163' title='bbox 2135 2905 2441 2970; x_wconf 88' lang='lat' dir='ltr'>versibus</span> <span class='ocrx_word' id='word_1_164' title='bbox 2523 2911 2895 2984; x_wconf 83' lang='lat'>408-409‚</span> 
     </span>
     <span class='ocr_line' id='line_1_22' title="bbox 769 3014 2895 3091; baseline 0.001 -17"><span class='ocrx_word' id='word_1_165' title='bbox 769 3014 1120 3076; x_wconf 87' lang='grc'>410-412</span> <span class='ocrx_word' id='word_1_166' title='bbox 1173 3032 1326 3075; x_wconf 90' lang='lat' dir='ltr'>cum</span> <span class='ocrx_word' id='word_1_167' title='bbox 1361 3017 1735 3089; x_wconf 82' lang='lat'>413—415‚</span> <span class='ocrx_word' id='word_1_168' title='bbox 1787 3017 1912 3078; x_wconf 87' lang='grc'>416</span> <span class='ocrx_word' id='word_1_169' title='bbox 1951 3034 2104 3078; x_wconf 92' lang='lat' dir='ltr'>cum</span> <span class='ocrx_word' id='word_1_170' title='bbox 2139 3018 2289 3091; x_wconf 82' lang='lat'>417,</span> <span class='ocrx_word' id='word_1_171' title='bbox 2340 3019 2686 3080; x_wconf 83' lang='lat'>418—421</span> <span class='ocrx_word' id='word_1_172' title='bbox 2744 3036 2895 3078; x_wconf 91' lang='lat' dir='ltr'>cum</span> 
     </span>
     <span class='ocr_line' id='line_1_23' title="bbox 768 3122 2651 3203; baseline 0.002 -21"><span class='ocrx_word' id='word_1_173' title='bbox 768 3122 1146 3195; x_wconf 84' lang='grc'>422-426,</span> <span class='ocrx_word' id='word_1_174' title='bbox 1196 3122 1613 3203; x_wconf 71' lang='grc'>427-4283)</span> <span class='ocrx_word' id='word_1_175' title='bbox 1665 3141 1819 3184; x_wconf 92' lang='lat' dir='ltr'>cum</span> <span class='ocrx_word' id='word_1_176' title='bbox 1868 3126 2213 3186; x_wconf 86' lang='grc'>429-431</span> <span class='ocrx_word' id='word_1_177' title='bbox 2271 3122 2651 3186; x_wconf 90' lang='lat' dir='ltr'>concinant.</span> 
     </span>
    </p>

    <p class='ocr_par' dir='ltr' id='par_1_4' title="bbox 704 3223 2896 3525">
     <span class='ocr_line' id='line_1_24' title="bbox 898 3223 2893 3314; baseline 0.002 -26"><span class='ocrx_word' id='word_1_178' title='bbox 898 3223 1331 3313; x_wconf 84' lang='lat' dir='ltr'>Lysistra</span> <span class='ocrx_word' id='word_1_179' title='bbox 1359 3238 1503 3290; x_wconf 93' lang='lat' dir='ltr'>tae</span> <span class='ocrx_word' id='word_1_180' title='bbox 1566 3228 1902 3312; x_wconf 85' lang='lat' dir='ltr'>parodum</span> <span class='ocrx_word' id='word_1_181' title='bbox 1958 3240 2097 3292; x_wconf 89' lang='lat' dir='ltr'>tres</span> <span class='ocrx_word' id='word_1_182' title='bbox 2146 3230 2213 3291; x_wconf 90' lang='lat' dir='ltr'>in</span> <span class='ocrx_word' id='word_1_183' title='bbox 2260 3241 2492 3314; x_wconf 89' lang='lat' dir='ltr'>partes</span> <span class='ocrx_word' id='word_1_184' title='bbox 2543 3229 2893 3293; x_wconf 90' lang='lat' dir='ltr'>discedere</span> 
     </span>
     <span class='ocr_line' id='line_1_25' title="bbox 765 3331 2894 3421; baseline 0.002 -27"><span class='ocrx_word' id='word_1_185' title='bbox 765 3331 969 3395; x_wconf 76' lang='lat' dir='ltr'>facile</span> <span class='ocrx_word' id='word_1_186' title='bbox 1018 3335 1526 3419; x_wconf 83' lang='lat' dir='ltr'>cognoscimuS‚</span> <span class='ocrx_word' id='word_1_187' title='bbox 1592 3356 1875 3419; x_wconf 87' lang='lat' dir='ltr'>quarum</span> <span class='ocrx_word' id='word_1_188' title='bbox 1942 3337 2127 3420; x_wconf 90' lang='lat' dir='ltr'>prior</span> <span class='ocrx_word' id='word_1_189' title='bbox 2191 3337 2553 3401; x_wconf 74' lang='lat' dir='ltr'>manifesto</span> <span class='ocrx_word' id='word_1_190' title='bbox 2601 3337 2894 3421; x_wconf 87' lang='lat' dir='ltr'>pertinet</span> 
     </span>
     <span class='ocr_line' id='line_1_26' title="bbox 704 3440 2896 3525; baseline 0.002 -24"><span class='ocrx_word' id='word_1_191' title='bbox 704 3458 710 3465; x_wconf 87' lang='lat'><strong>·</strong></span> <span class='ocrx_word' id='word_1_192' title='bbox 765 3461 978 3525; x_wconf 91' lang='lat' dir='ltr'>usque</span> <span class='ocrx_word' id='word_1_193' title='bbox 1026 3440 1116 3504; x_wconf 90' lang='lat' dir='ltr'>ad</span> <span class='ocrx_word' id='word_1_194' title='bbox 1166 3462 1431 3504; x_wconf 87' lang='lat' dir='ltr'>versum</span> <span class='ocrx_word' id='word_1_195' title='bbox 1467 3446 1616 3518; x_wconf 83' lang='lat'>318,</span> <span class='ocrx_word' id='word_1_196' title='bbox 1665 3442 1780 3506; x_wconf 92' lang='lat' dir='ltr'>ubi</span> <span class='ocrx_word' id='word_1_197' title='bbox 1814 3443 2165 3506; x_wconf 89' lang='lat' dir='ltr'>mulierum</span> <span class='ocrx_word' id='word_1_198' title='bbox 2198 3446 2443 3508; x_wconf 89' lang='lat' dir='ltr'>chorus</span> <span class='ocrx_word' id='word_1_199' title='bbox 2479 3445 2896 3508; x_wconf 89' lang='lat' dir='ltr'>orchestram</span> 
     </span>
    </p>
   </div>
   <div class='ocr_carea' id='block_1_2' title="bbox 768 3612 1193 3622">
    <p class='ocr_par' dir='ltr' id='par_1_5' title="bbox 768 3612 1193 3622">
     <span class='ocr_line' id='line_1_27' title="bbox 768 3612 1193 3622; baseline 0 0"><span class='ocrx_word' id='word_1_200' title='bbox 768 3612 1193 3622; x_wconf 95' lang='lat' dir='ltr'> </span> 
     </span>
    </p>
   </div>
   <div class='ocr_carea' id='block_1_3' title="bbox 765 3707 2894 4314">
    <p class='ocr_par' dir='ltr' id='par_1_6' title="bbox 911 3707 1438 3777">
     <span class='ocr_line' id='line_1_28' title="bbox 911 3707 1438 3777; baseline 0.004 -19"><span class='ocrx_word' id='word_1_201' title='bbox 911 3707 949 3774; x_wconf 86' lang='lat'>¹)</span> <span class='ocrx_word' id='word_1_202' title='bbox 991 3710 1059 3761; x_wconf 84' lang='lat' dir='ltr'>cf.</span> <span class='ocrx_word' id='word_1_203' title='bbox 1102 3710 1266 3777; x_wconf 47' lang='grc' dir='ltr'>Δία-θ’</span> <span class='ocrx_word' id='word_1_204' title='bbox 1296 3726 1347 3774; x_wconf 90' lang='lat' dir='ltr'>p.</span> <span class='ocrx_word' id='word_1_205' title='bbox 1391 3711 1438 3761; x_wconf 82' lang='lat'>7.</span> 
     </span>
    </p>

    <p class='ocr_par' dir='ltr' id='par_1_7' title="bbox 765 3798 2894 4134">
     <span class='ocr_line' id='line_1_29' title="bbox 910 3798 2892 3866; baseline 0 -17"><span class='ocrx_word' id='word_1_206' title='bbox 910 3798 950 3864; x_wconf 88' lang='lat'>‘·&#39;)</span> <span class='ocrx_word' id='word_1_207' title='bbox 992 3802 1104 3849; x_wconf 89' lang='lat' dir='ltr'>Cur</span> <span class='ocrx_word' id='word_1_208' title='bbox 1145 3801 1406 3850; x_wconf 83' lang='lat' dir='ltr'>Zielinski</span> <span class='ocrx_word' id='word_1_209' title='bbox 1439 3817 1490 3865; x_wconf 92' lang='lat' dir='ltr'>p.</span> <span class='ocrx_word' id='word_1_210' title='bbox 1532 3804 1631 3852; x_wconf 91' lang='grc'>188</span> <span class='ocrx_word' id='word_1_211' title='bbox 1673 3820 1722 3851; x_wconf 80' lang='grc' dir='ltr'>ν.</span> <span class='ocrx_word' id='word_1_212' title='bbox 1750 3805 1855 3853; x_wconf 87' lang='grc'>400</span> <span class='ocrx_word' id='word_1_213' title='bbox 1882 3818 2001 3866; x_wconf 88' lang='lat' dir='ltr'>sqq.</span> <span class='ocrx_word' id='word_1_214' title='bbox 2042 3802 2265 3850; x_wconf 88' lang='lat' dir='ltr'>dirimat</span> <span class='ocrx_word' id='word_1_215' title='bbox 2303 3817 2335 3850; x_wconf 89' lang='lat' dir='ltr'>a</span> <span class='ocrx_word' id='word_1_216' title='bbox 2374 3802 2590 3865; x_wconf 88' lang='lat' dir='ltr'>parodo</span> <span class='ocrx_word' id='word_1_217' title='bbox 2632 3800 2892 3865; x_wconf 87' lang='lat' dir='ltr'>equidem</span> 
     </span>
     <span class='ocr_line' id='line_1_30' title="bbox 767 3890 2894 3958; baseline 0 -21"><span class='ocrx_word' id='word_1_218' title='bbox 767 3904 877 3937; x_wconf 89' lang='lat' dir='ltr'>non</span> <span class='ocrx_word' id='word_1_219' title='bbox 917 3892 1052 3939; x_wconf 90' lang='lat' dir='ltr'>satis</span> <span class='ocrx_word' id='word_1_220' title='bbox 1092 3891 1376 3956; x_wconf 83' lang='lat' dir='ltr'>intellego,</span> <span class='ocrx_word' id='word_1_221' title='bbox 1453 3893 1598 3940; x_wconf 88' lang='lat' dir='ltr'>Nam</span> <span class='ocrx_word' id='word_1_222' title='bbox 1652 3893 1757 3958; x_wconf 77' lang='lat' dir='ltr'>hos</span> <span class='ocrx_word' id='word_1_223' title='bbox 1796 3908 1991 3941; x_wconf 89' lang='lat' dir='ltr'>versus</span> <span class='ocrx_word' id='word_1_224' title='bbox 2045 3908 2171 3941; x_wconf 89' lang='lat' dir='ltr'>cum</span> <span class='ocrx_word' id='word_1_225' title='bbox 2227 3893 2306 3941; x_wconf 91' lang='lat' dir='ltr'>eis</span> <span class='ocrx_word' id='word_1_226' title='bbox 2360 3907 2503 3957; x_wconf 88' lang='lat' dir='ltr'>quae</span> <span class='ocrx_word' id='word_1_227' title='bbox 2552 3890 2894 3955; x_wconf 86' lang='lat' dir='ltr'>praecedunt</span> 
     </span>
     <span class='ocr_line' id='line_1_31' title="bbox 765 3981 2893 4045; baseline 0 -18"><span class='ocrx_word' id='word_1_228' title='bbox 765 3981 1047 4029; x_wconf 86' lang='lat' dir='ltr'>artissimo</span> <span class='ocrx_word' id='word_1_229' title='bbox 1088 3984 1423 4030; x_wconf 91' lang='lat' dir='ltr'>coniunctos</span> <span class='ocrx_word' id='word_1_230' title='bbox 1462 3997 1583 4031; x_wconf 90' lang='lat' dir='ltr'>esse</span> <span class='ocrx_word' id='word_1_231' title='bbox 1625 3983 1851 4031; x_wconf 85' lang='lat' dir='ltr'>vinculo</span> <span class='ocrx_word' id='word_1_232' title='bbox 1892 3997 1958 4030; x_wconf 87' lang='lat' dir='ltr'>ex</span> <span class='ocrx_word' id='word_1_233' title='bbox 1999 3983 2078 4030; x_wconf 92' lang='lat' dir='ltr'>eis</span> <span class='ocrx_word' id='word_1_234' title='bbox 2118 3997 2260 4045; x_wconf 90' lang='lat' dir='ltr'>quae</span> <span class='ocrx_word' id='word_1_235' title='bbox 2300 3981 2592 4030; x_wconf 86' lang='lat' dir='ltr'>attulimus</span> <span class='ocrx_word' id='word_1_236' title='bbox 2633 3985 2893 4043; x_wconf 86' lang='lat' dir='ltr'>putamus</span> 
     </span>
     <span class='ocr_line' id='line_1_32' title="bbox 765 4069 1174 4134; baseline 0.007 -19"><span class='ocrx_word' id='word_1_237' title='bbox 765 4069 927 4131; x_wconf 88' lang='lat' dir='ltr'>plane</span> <span class='ocrx_word' id='word_1_238' title='bbox 968 4069 1174 4134; x_wconf 89' lang='lat' dir='ltr'>colligi.</span> 
     </span>
    </p>

    <p class='ocr_par' dir='ltr' id='par_1_8' title="bbox 765 4157 2893 4314">
     <span class='ocr_line' id='line_1_33' title="bbox 911 4157 2893 4224; baseline -0.001 -16"><span class='ocrx_word' id='word_1_239' title='bbox 911 4157 950 4224; x_wconf 77' lang='lat'>³)</span> <span class='ocrx_word' id='word_1_240' title='bbox 991 4161 1128 4209; x_wconf 91' lang='lat' dir='ltr'>Post</span> <span class='ocrx_word' id='word_1_241' title='bbox 1168 4176 1391 4210; x_wconf 88' lang='lat' dir='ltr'>versum</span> <span class='ocrx_word' id='word_1_242' title='bbox 1429 4163 1533 4211; x_wconf 84' lang='lat'>428</span> <span class='ocrx_word' id='word_1_243' title='bbox 1582 4162 1898 4211; x_wconf 88' lang='lat' dir='ltr'>trimetrum</span> <span class='ocrx_word' id='word_1_244' title='bbox 1949 4163 2250 4211; x_wconf 88' lang='lat' dir='ltr'>iambicum</span> <span class='ocrx_word' id='word_1_245' title='bbox 2306 4161 2614 4222; x_wconf 87' lang='lat' dir='ltr'>excidisse,</span> <span class='ocrx_word' id='word_1_246' title='bbox 2673 4161 2763 4209; x_wconf 93' lang='lat' dir='ltr'>cui</span> <span class='ocrx_word' id='word_1_247' title='bbox 2811 4173 2893 4207; x_wconf 88' lang='lat' dir='ltr'>re-</span> 
     </span>
     <span class='ocr_line' id='line_1_34' title="bbox 765 4248 2648 4314; baseline 0.001 -17"><span class='ocrx_word' id='word_1_248' title='bbox 765 4248 1005 4314; x_wconf 87' lang='lat' dir='ltr'>spondet</span> <span class='ocrx_word' id='word_1_249' title='bbox 1044 4266 1094 4299; x_wconf 78' lang='lat' dir='ltr'>v,</span> <span class='ocrx_word' id='word_1_250' title='bbox 1121 4252 1242 4313; x_wconf 86' lang='lat'>431,</span> <span class='ocrx_word' id='word_1_251' title='bbox 1283 4252 1526 4300; x_wconf 86' lang='lat' dir='ltr'>coniecit</span> <span class='ocrx_word' id='word_1_252' title='bbox 1565 4251 1829 4302; x_wconf 82' lang='lat' dir='ltr'>Meineke.</span> <span class='ocrx_word' id='word_1_253' title='bbox 1905 4251 1974 4304; x_wconf 91' lang='lat' dir='ltr'>cf.</span> <span class='ocrx_word' id='word_1_254' title='bbox 2015 4251 2163 4301; x_wconf 69' lang='lat' dir='ltr'><em>Koch</em></span> <span class='ocrx_word' id='word_1_255' title='bbox 2202 4251 2287 4301; x_wconf 87' lang='lat' dir='ltr'>ed.</span> <span class='ocrx_word' id='word_1_256' title='bbox 2326 4250 2398 4301; x_wconf 90' lang='lat' dir='ltr'>ad</span> <span class='ocrx_word' id='word_1_257' title='bbox 2436 4267 2486 4300; x_wconf 89' lang='lat' dir='ltr'>v.</span> <span class='ocrx_word' id='word_1_258' title='bbox 2528 4250 2648 4301; x_wconf 85' lang='lat'>428.</span> 
     </span>
    </p>
   </div>
   <div class='ocr_carea' id='block_1_4' title="bbox 3221 1682 3225 2405">
    <p class='ocr_par' dir='ltr' id='par_1_9' title="bbox 3221 1682 3225 2405">
     <span class='ocr_line' id='line_1_35' title="bbox 3221 1682 3225 2405; baseline 0 0"><span class='ocrx_word' id='word_1_259' title='bbox 3221 1682 3225 2405; x_wconf 95' lang='lat' dir='ltr'> </span> 
     </span>
    </p>
   </div>
   <div class='ocr_carea' id='block_1_5' title="bbox 3214 1682 3225 3914">
    <p class='ocr_par' dir='ltr' id='par_1_10' title="bbox 3214 1682 3225 3914">
     <span class='ocr_line' id='line_1_36' title="bbox 3214 1682 3225 3914; baseline 0 0"><span class='ocrx_word' id='word_1_260' title='bbox 3214 1682 3225 3914; x_wconf 95' lang='lat' dir='ltr'> </span> 
     </span>
    </p>
   </div>
   <div class='ocr_carea' id='block_1_6' title="bbox 3220 4139 3225 4728">
    <p class='ocr_par' dir='ltr' id='par_1_11' title="bbox 3220 4139 3225 4728">
     <span class='ocr_line' id='line_1_37' title="bbox 3220 4139 3225 4728; baseline 0 0"><span class='ocrx_word' id='word_1_261' title='bbox 3220 4139 3225 4728; x_wconf 95' lang='lat' dir='ltr'> </span> 
     </span>
    </p>
   </div>
  </div>
 </body>
</html>
