3225 5192
322 773 589 838 venitur
634 775 874 836 horum
921 793 1237 836 versuum
1283 772 1559 857 propria
1607 793 1743 835 vox
1791 766 1959 836 ἄλλά
2008 769 2098 834 cf.
2148 794 2254 833 vv.
2305 775 2453 836 346.

325 882 475 947 379.
526 885 676 946 428.

458 986 531 1050 In
564 985 896 1051 Avibus
942 985 1205 1071 Epopis
1253 987 1520 1049 cantico
1569 985 1760 1049 finito
1807 984 1923 1049 ubi
1970 986 2127 1049 inde
2175 1008 2217 1049 a
2259 1007 2457 1050 versu

326 1098 451 1160 267
501 1094 762 1179 priores
808 1113 971 1156 aves
1035 1105 1409 1177 coeperunt
1478 1114 1674 1156 rarae
1742 1093 2099 1170 advolare,
2167 1093 2457 1178 primum

325 1200 689 1265 conferunt
758 1198 1222 1263 Pisthetaerus
1292 1199 1667 1284 Euelpides
1738 1199 1978 1284 Epops
2054 1221 2456 1276 sermonem,

323 1329 460 1393 quo
508 1307 617 1370 hic
665 1306 812 1370 illos
860 1306 947 1370 de
996 1305 1411 1392 singularum
1459 1307 1686 1369 avium
1719 1305 2098 1370 nominibus
2135 1306 2457 1370 certiores

323 1415 513 1480 facit.
606 1414 908 1479 Alterius
973 1416 1186 1500 partis
1251 1436 1429 1502 quae
1494 1415 1791 1499 pertinet
1857 1414 1946 1478 ad
2010 1436 2279 1477 versum
2329 1419 2455 1479 363

322 1523 746 1607 prooemium
812 1533 915 1585 est
980 1521 1359 1586 diverbium
1427 1522 1602 1584 inter
1667 1523 1948 1585 chorum
2005 1533 2072 1584 et
2095 1520 2455 1606 'Epopem.

325 1629 553 1695 Choro
613 1631 826 1707 enim,
889 1641 1253 1716 postquam
1317 1630 1577 1693 interea
1644 1631 2065 1694 orchestram
2112 1630 2458 1716 ingressus

324 1737 768 1823 interrogavit
814 1737 964 1822 quis
1013 1748 1081 1799 et
1130 1758 1250 1801 cur
1297 1756 1447 1800 sese
1496 1737 2000 1814 convocaverit,
2065 1736 2307 1822 Epops
2353 1759 2460 1800 re-

323 1844 616 1929 spondet
692 1843 1196 1907 Pisthetaerum
1283 1856 1351 1906 et
1426 1842 1835 1928 Euelpidem
1926 1844 2457 1928 sapientissimos

322 1953 504 2016 viros
553 1948 910 2015 advenisse
960 1952 1529 2038 regnum‘Avium
1576 1952 1752 2014 inter
1797 1973 1946 2015 sese
1997 1953 2456 2016 communica-

323 2071 528 2123 turos
624 2059 734 2122 Ex
796 2081 867 2122 re
930 2059 1078 2144 ipsa
1140 2059 1428 2123 efficitur
1489 2081 1693 2122 unam
1760 2071 2024 2122 tantum
2093 2080 2457 2144 personam

322 2167 364 2229 i.
415 2188 471 2229 e.
539 2167 1003 2254 coryphaeum
1070 2187 1223 2230 cum
1289 2166 1723 2230 histrionibus
1789 2166 2084 2252 colloqui
2151 2187 2356 2251 posse
2379 2167 2454 2251 1).

325 2272 932 2337 Vehementissime
981 2273 1372 2357 indignatus
1421 2284 1524 2336 est
1564 2275 1818 2336 chorus
1868 2273 1954 2336 de
1988 2273 2251 2357 Epopis
2300 2295 2459 2357 pro-

325 2379 609 2456 ditione3
657 2381 842 2465 quod
877 2380 1351 2467 cognoscimus
1385 2402 1421 2443 e
1455 2380 1761 2443 versibus
1790 2384 2162 2445 327-335.
2213 2380 2455 2444 Altero

323 2500 555 2551 autem
603 2488 872 2552 cantico
921 2490 1054 2571 (vv.
1109 2490 1490 2571 343—35-1)
1555 2488 1664 2550 ille
1728 2489 1795 2550 in
1842 2486 2341 2551 Pisthetaerum
2391 2500 2458 2551 et

325 2595 729 2679 Euelpidem
805 2596 1161 2658 invehitur.
1285 2594 1491 2659 Unde
1570 2606 1756 2659 certe
1835 2594 2153 2686 concludi
2230 2608 2458 2680 potest

326 2703 608 2767 chorum
671 2701 1065 2787 bipartitum
1136 2724 1283 2766 esse
1324 2704 1389 2785 pi.
1441 2724 1498 2767 e.
1566 2703 1927 2767 dexterum
1991 2704 2458 2766 hemichorum

326 2810 565 2887 odam,
645 2811 986 2874 sinistrum
1061 2810 1384 2874 antodam
1463 2822 1760 2874 cantare.
1884 2810 2144 2874 Versus
2224 2824 2455 2873 autem

328 2923 678 2984 336—338
728 2931 796 2982 et
845 2922 1230 2995 352—353,
1294 2917 1538 3004 quibus
1586 2931 1661 2981 ut
1709 2929 2066 3005 utrumque
2118 2917 2457 2981 advenam

325 3027 570 3112 perdat
640 3040 707 3091 et
778 3027 1044 3092 deleat·
1082 3029 1326 3091 chorus
1397 3039 1760 3103 evocatur,
1833 3047 1970 3089 non
2047 3024 2135 3089 ab
2217 3026 2459 3089 eodem

328 3135 534 3197 choro
583 3135 716 3198 dici
763 3135 897 3198 iam
944 3134 1296 3221 Ilormmg
1343 3137 1434 3219 (p.
1484 3136 1588 3218 11)
1641 3133 1834 3215 Muff
1874 3136 1966 3218 (p.
2010 3135 2113 3216 17)
2163 3131 2460 3196 Arnoldt

329 3243 420 3325 (p.
452 3245 558 3324 71)
593 3243 964 3306 rectissime
998 3243 1459 3306 ostenderunt.
1523 3241 1595 3307 Si
1631 3243 1833 3328 igitur
1865 3242 2069 3305 odam
2102 3241 2458 3304 dexterum

327 3348 827 3425 hemichorum,
896 3349 1219 3413 antodam
1269 3349 1609 3412 sinistrum
1657 3350 2119 3412 hemichorum
2182 3359 2459 3412 cantare

326 3455 668 3533 iubemus,
740 3479 821 3520 ea
886 3458 1033 3542 ipsa
1099 3479 1171 3521 re
1241 3479 1505 3521 versum
1573 3462 1700 3523 336
1751 3478 1898 3542 sqq.
1968 3457 2127 3521 duci
2194 3457 2459 3520 dexteri

327 3565 733 3641 hemichori‚
793 3587 1065 3629 versum
1115 3570 1242 3630 352
1293 3586 1390 3650 sq.
1457 3567 1702 3629 sinistri
1753 3566 2062 3651 cogimur
2111 3564 2456 3628 addicere.

459 3689 791 3754 Versibus
826 3695 1176 3757 338-342
1225 3691 1596 3776 Euelpides
1647 3689 1912 3755 acerbis
1963 3690 2189 3755 verbis
2237 3692 2458 3755 amico

328 3810 542 3862 totam
589 3820 724 3884 qua
773 3798 996 3863 obruti
1044 3800 1174 3862 sint
1224 3799 1679 3863 calamitatem
1729 3800 1985 3863 crimini
2020 3800 2162 3877 dat,
2211 3799 2458 3863 deinde

329 3908 463 3989 (vv.
493 3909 869 3990 354—363)
919 3905 1343 3971 Pisthetaero
1378 3921 1657 3971 auctore
1694 3930 1882 3970 arma
1913 3907 2461 3971 ridiculosissima

328 4012 453 4076 sibi
501 4014 806 4078 induunt.
885 4013 1223 4100 Impetum
1270 4015 1671 4101 parantibus
1720 4017 1807 4098 (v.
1840 4017 1967 4081 364
1996 4017 2171 4101 sqq.)
2220 4015 2460 4100 Epops

474 4268 514 4341 ¹)
555 4270 819 4323 Zielinski
849 4286 902 4339 p.
945 4273 1063 4325 140.

2075 4379 2140 4433 3*
