3225 5192
1069 522 1568 662 ,ἐρ-

320 761 532 826 multo
578 772 734 848 post
781 773 1067 847 uterque
1118 773 1345 826 custos
1393 774 1540 826 arto
1589 773 1657 826 et
1704 762 1897 848 gravi
1944 781 2181 828 somno
2214 761 2443 847 oppri-

315 872 536 934 mitur.
631 870 869 935 Altum
941 884 1045 934 est
1114 869 1448 934 silentium
1526 871 1592 933 in
1663 891 1931 934 scaena.
2025 870 2090 932 T
2094 892 2207 933 um
2275 892 2438 934 vero

267 1026 272 1031 -
314 980 558 1043 chorus
605 1001 804 1042 versu
854 983 982 1044 230
1032 978 1335 1042 sodalem
1375 976 1881 1041 Philocleonem
1929 977 2353 1061 quaesiturus
2400 999 2441 1039 a

308 1097 506 1170 parte
556 1085 840 1149 dextera
873 1087 1399 1170 appropinquat.
1471 1084 1821 1149 Vocamur
1855 1084 1945 1147 ad
1976 1083 2037 1146 L
2057 1107 2105 1170 y
2126 1085 2283 1147 sist
2304 1107 2443 1146 ra-

308 1197 506 1256 tam.
601 1192 974 1278 Postquam
1034 1215 1266 1256 omnes
1314 1193 1626 1256 mulieres
1685 1214 1831 1255 sese
1883 1191 2092 1255 verba
2153 1213 2193 1255 a
2241 1190 2443 1278 Lysi-

307 1312 519 1364 strata
571 1323 768 1364 versu
807 1306 930 1366 124
978 1301 1330 1386 proposita
1379 1322 1525 1365 esse
1561 1312 1911 1364 secuturas
1946 1299 2220 1362 tandem
2252 1320 2439 1362 more

307 1407 612 1472 sollemni
644 1408 1103 1471 iusiurandum
1136 1409 1641 1493 praestiterunt,
1691 1429 1890 1470 versu
1918 1411 2045 1472 253
2080 1405 2440 1469 discedunt

307 1515 374 1577 in
447 1536 679 1578 omnes
757 1502 1007 1598 partes]
1117 1514 1360 1578 Statim
1439 1514 1749 1599 sequenti
1826 1536 2026 1576 versu
2104 1524 2440 1597 apparent

307 1643 522 1698 senes,
571 1634 644 1685 ut
688 1643 946 1706 poenas
995 1633 1261 1685 sumant
1293 1634 1576 1706 propter
1622 1623 1797 1684 hanc
1830 1621 2183 1684 mulierum
2230 1620 2443 1684 auda-

309 1729 482 1792 ciam
529 1729 919 1793 inauditam.
1147 1806 1153 1811 ὓ

331 1865 334 1868 ’
373 1905 376 1908 ,
443 1835 580 1898 Vix
630 1837 695 1898 in
727 1835 1002 1900 Ranis
1051 1836 1396 1924 Dionysus
1446 1848 1513 1899 et
1545 1834 1883 1898 Xanthias
1932 1836 2046 1920 qui
2080 1835 2442 1899 Plutonem

306 1954 548 2028 petunt
599 1965 684 2006 ex
715 1943 1060 2028 Empusae
1109 1944 1401 2028 imagine
1446 1941 1724 2006 terribili
1758 1963 1905 2004 sese
1939 1954 2438 2018 recreaverunt,

310 2070 464 2113 cum
497 2048 720 2113 subito
754 2072 954 2113 versu
982 2055 1108 2115 312
1141 2049 1480 2113 Xanthias
1529 2048 1735 2113 tibiae
1786 2050 2076 2112 sonitum
2110 2071 2146 2112 e
2181 2048 2443 2134 longin-

309 2177 444 2242 quo
509 2157 777 2241 accipit.
874 2156 1037 2221 Inde
1100 2170 1328 2221 autem
1395 2179 1436 2220 a
1504 2179 1703 2220 versu
1756 2162 1881 2222 316
1953 2156 2237 2221 audiunt
2308 2158 2442 2220 iam

308 2264 738 2328 manifestius
798 2265 1041 2350 parodi
1089 2276 1161 2328 ut
1210 2266 1302 2327 ita
1357 2265 1581 2329 dicam
1628 2265 2052 2350 praeludium
2100 2286 2141 2328 a
2188 2275 2484 2351 mysta-·

308 2393 455 2434 rum
490 2372 697 2434 choro
740 2383 935 2434 extra
967 2371 1301 2456 parodum
1345 2371 1735 2435 orchestrae
1770 2382 2137 2434 cantatum.
2203 2370 2438 2456 Itaque

307 2478 597 2562 primum
645 2477 914 2542 abiecto
965 2479 1243 2542 consilio
1294 2479 1735 2554 constituunt,
1783 2490 1857 2541 ut
1906 2479 2000 2561 (v.
2054 2482 2180 2543 323
2230 2473 2317 2556 ὡς
2363 2472 2441 2542 {iv

308 2581 580 2669 εἴδωμεν
644 2588 898 2675 σαφῶς)
989 2585 1516 2649 celebrationem
1594 2596 1915 2650 accurate
1997 2598 2441 2671 cognoscant,

310 2693 582 2756 silentes
654 2715 802 2757 sese
877 2694 1209 2759 occulere.
1307 2694 1596 2757 Demum
1669 2716 1868 2757 versu
1938 2698 2064 2758 354
2136 2692 2442 2756 videmus

307 2821 628 2885 pompam
680 2803 1097 2866 orchestram
1148 2802 1465 2867 incedere
1485 2804 1551 2883 ¹).

445 2906 585 2972 Sed
638 2930 815 2973 nunc
865 2910 950 2973 de
1001 2909 1703 2974 Ecclesiazusis
1760 2931 2062 2995 agamus

443 3014 786 3091 Quoniam
814 3038 1260 3102 quaecunque
1288 3016 1688 3101 Praxagora
1714 3017 2067 3100 proposuit
2092 3028 2438 3100 postremo

308 3120 618 3185 mulieres
685 3123 1332 3208 comprobaverunt,
1404 3145 1604 3204 versu
1655 3128 1782 3188 284
1856 3143 2174 3186 scaenam
2242 3123 2441 3185 relin-

307 3238 544 3313 quunt.
624 3227 762 3292 Sed
812 3252 1012 3293 versu
1046 3236 1172 3295 285
1224 3232 1520 3294 carmina
1572 3243 1858 3294 cantans
1909 3231 2152 3293 chorus
2202 3251 2442 3292 earun-

310 3334 467 3397 dem
533 3335 935 3397 feminarum
1007 3339 1276 3422 agmine
1345 3338 1685 3422 quadrato
1754 3338 2172 3400 orchestram
2236 3337 2440 3398 intrat

308 3443 640 3527 simulque
691 3439 895 3526 paulo
944 3457 1099 3527 post
1148 3466 1231 3506 ex
1282 3467 1362 3507 ea
1411 3446 1672 3508 recedit
1721 3457 1793 3507 ut
1841 3466 1975 3508 una
2025 3464 2177 3507 cum
2211 3442 2443 3505 mulie-

309 3546 492 3612 ribus
542 3550 806 3612 rusticis
856 3551 1149 3635 migrent
1198 3551 1264 3612 in
1313 3553 1719 3628 contionem,
1791 3550 1906 3614 ubi
1953 3563 2026 3612 ut
2075 3551 2168 3613 ita
2217 3549 2440 3613 dicam

456 3802 494 3868 1)
536 3803 608 3854 cf.
659 3806 925 3853 Zielinski
974 3821 1028 3868 p.
1071 3806 1197 3866 145,
1257 3805 1534 3869 Hornung
1583 3820 1634 3867 p.
1679 3807 1761 3854 12.
1848 3805 1997 3853 Kock
2051 3807 2107 3852 in
2161 3804 2246 3853 ed.
2300 3805 2441 3854 Ran.

306 3907 360 3955 p.
406 3894 489 3953 30,
545 3893 749 3957 Agtbe,
808 3895 1088 3943 Parabase
1138 3895 1251 3942 und
1291 3895 1722 3942 Zwischenakte
1775 3894 1874 3947 der
1914 3895 2119 3943 alt-att.
2157 3894 2440 3943 Kom6die

309 3996 361 4044 p.
406 3982 504 4031 156
545 3984 817 4045 parodum
858 3986 1105 4047 incipere
1145 3984 1340 4032 iubent
1388 4000 1419 4032 a
1461 3999 1626 4033 versu
1668 3986 1786 4033 324.
1862 3985 1942 4033 At
1982 4000 2079 4033 cur
2119 4000 2230 4033 non
2271 3987 2440 4033 etiam

309 4072 405 4134 qui
443 4072 787 4133 praecedunt
827 4088 1022 4122 versus
1063 4074 1213 4138 (inde
1253 4089 1285 4121 a
1326 4090 1377 4122 ν.
1408 4074 1531 4138 316)
1571 4075 1788 4137 parodo
1829 4075 2140 4123 attribuant
2181 4073 2439 4137 equidem

308 4175 420 4208 non
468 4161 752 4225 intellege.
828 4163 916 4210 De
964 4163 1071 4210 hac
1131 4178 1189 4211 re
1240 4164 1468 4212 uberius
1514 4166 1570 4212 in
1625 4166 1883 4227 sequenti
1934 4166 2117 4226 capite
2170 4163 2442 4210 disseren-

311 4249 439 4296 dum
483 4253 583 4299 est.
