3225 5192
1143 578 1589 640 -11—

294 769 710 834 miserrimus
782 770 1058 835 domum
1127 792 1319 835 suam
1388 769 1477 835 ab
1540 772 1816 836 interitu
1884 772 2137 836 servari
2206 793 2427 859 posse.

298 876 439 942 Sed
470 879 866 963 priusquam
917 872 1264 943 erudiatur
1308 879 1399 942 ad
1431 901 1662 943 veram
1697 881 2047 944 scientiam
2080 880 2429 944 doctrinae

301 984 730 1063 Socraticae,
802 986 1214 1050 sollemniter
1261 988 1327 1050 in
1378 1009 1460 1050 ea
1523 1008 1720 1051 sacra
1791 988 2052 1051 admitti
2105 1000 2173 1051 et
2221 989 2430 1073 recipi

299 1114 580 1157 necesse
629 1106 750 1157 est.
844 1094 1219 1158 Manifesto
1269 1117 1469 1158 versu
1519 1100 1647 1160 263
1698 1108 1800 1158 est
1848 1096 2133 1159 actionis
2195 1096 2430 1159 incisio

294 1201 525 1286 magni
573 1202 913 1265 momenti.
985 1201 1165 1265 Nam
1215 1203 1280 1264 in
1330 1204 1446 1279 eiS‚
1496 1225 1672 1287 quae
1716 1215 2107 1288 sequuntur,
2157 1205 2431 1268 invocat

298 1306 618 1371 Socrates
667 1309 883 1380 aerios
932 1308 1096 1372 deos
1146 1308 1368 1372 verbis
1416 1309 1741 1395 gravibus
1791 1322 1857 1373 et
1907 1311 2245 1393 sanctisl).

432 1431 509 1495 In
578 1430 810 1497 Pace
891 1436 979 1517 (v.
1032 1436 1185 1516 288)
1266 1435 1681 1519 reliquerunt
1754 1434 2069 1498 Polemus
2150 1447 2218 1498 et
2290 1435 2430 1524 Cy-

212 1626 213 1629 *
298 1538 583 1602 doemus
644 1560 995 1615 scaenam3
1061 1540 1241 1604 solus
1301 1541 1668 1628 Trygaeus
1730 1542 2068 1605 remansit.
2163 1541 2427 1606 Idcirco

298 1667 579 1731 sperans
630 1658 771 1710 tum
820 1646 934 1710 ubi
970 1669 1203 1711 omnes
1239 1648 1495 1711 consilii
1529 1650 1631 1711 sui
1664 1650 1894 1711 hostes
1929 1647 2174 1725 absint,
2224 1650 2427 1712 facile

295 1753 440 1816 fieri
497 1775 698 1838 posse
764 1767 837 1818 ut
886 1753 1141 1818 Pacem
1209 1755 1406 1819 deam
1458 1755 1734 1818 tandem
1794 1777 2019 1818 rursus
2070 1755 2157 1818 ad
2207 1755 2428 1819 lucem

296 1860 580 1938 efferat,
642 1862 797 1925 inde
847 1883 888 1924 a
937 1884 1136 1925 versu
1185 1867 1310 1927 296
1377 1885 1457 1924 ne
1508 1863 1784 1947 paulum
1836 1863 2110 1947 quidem
2160 1862 2426 1926 dubitat

295 1965 809 2052 quibuscunque
856 1990 996 2052 pax
1042 1969 1228 2032 cordi
1264 1981 1387 2045 est,
1437 1991 1672 2032 omnes
1705 1969 2067 2046 advocare,
2117 1970 2234 2054 qui
2279 1991 2428 2032 sese

297 2073 622 2138 adiuvent
669 2076 733 2136 in
770 2076 1048 2139 consilio
1082 2075 1456 2139 efficiendO.
1551 2076 1763 2139 Plane
1799 2089 2251 2140 commutatur
2296 2078 2429 2140 hoc

298 2181 450 2244 loco
499 2183 701 2245 actio.
796 2182 1012 2245 Vides
1062 2184 1265 2269 igitur
1312 2205 1630 2268 magnam
1680 2184 2178 2247 similitudinem
2227 2185 2432 2246 inter-

295 2310 443 2352 esse
492 2290 666 2352 inter
711 2291 905 2352 huius
953 2290 1227 2353 fabulae
1274 2302 1478 2376 atque
1514 2290 2058 2355 Acharnensium
2107 2291 2425 2376 parodOS.

295 2394 432 2459 Sed
504 2397 634 2459 hac
704 2397 768 2458 in
844 2394 1077 2459 fabula
1151 2397 1348 2461 valde
1416 2398 1735 2460 miramur
1803 2399 1988 2483 quod
2065 2399 2425 2462 verborum

295 2515 490 2566 tenor
537 2504 805 2566 minime
857 2505 1190 2567 consentit
1259 2525 1413 2568 cum
1462 2516 1803 2568 structura
1850 2507 2152 2570 metrica.
2247 2504 2429 2568 Nam

294 2622 366 2673 ut
445 2612 510 2672 in
579 2612 1017 2697 paragrapho
1094 2613 1311 2696 prima
1390 2613 1718 2690 diximuS,
1802 2614 2080 2677 trimetri
2160 2612 2429 2676 iambici

295 2729 642 2782 transeunt
692 2719 757 2780 in
810 2730 1241 2782 tetrametros
1290 2720 1564 2791 demum
1613 2743 1813 2783 versu
1855 2725 2002 2785 299.
2084 2719 2235 2783 Nec
2284 2721 2425 2782 sine

293 2823 791 2910 probabilitatis
840 2828 1067 2911 specie
1117 2828 1498 2912 suspicatur
1548 2827 1882 2890 Zielinski
1920 2851 1985 2913 p.
2031 2814 2174 2904 138,
2222 2850 2426 2913 quem

292 2932 582 3016 primum
655 2934 721 2994 hi
793 2955 1027 2997 versus
1100 2932 1582 3010 offendebant,
1665 2946 1877 2997 totam
1947 2935 2143 2998 huius
2212 2936 2425 3019 partis

295 3049 607 3102 naturam
655 3040 873 3125 magis
921 3041 1269 3124 propriam
1320 3062 1467 3103 esse
1520 3042 1779 3126 agoniS.

428 3145 502 3207 In
574 3144 834 3210 Pluto
908 3146 1315 3235 Chremylus
1388 3147 1755 3211 Carionem
1828 3150 2016 3213 iussit
2088 3150 2424 3236 agricolas

292 3264 366 3315 ut
418 3273 650 3314 omnes
682 3265 950 3335 partem
1000 3255 1394 3339 acciperent
1427 3256 1811 3319 divitiarum
1849 3258 1983 3320 cito
2020 3278 2422 3332 convocare,

292 3380 446 3423 cum
479 3359 624 3442 ipse
657 3381 790 3421 una
826 3380 979 3423 cum
1014 3360 1212 3425 Pluto
1259 3363 1323 3424 in
1358 3362 1635 3425 domum
1669 3385 1739 3426 se
1776 3365 2086 3427 conferat
2121 3363 2215 3446 (V.
2245 3365 2421 3445 252).

293 3466 621 3550 Sequenti
654 3488 855 3530 versu
890 3469 1071 3551 (253)
1120 3469 1296 3532 redit
1329 3470 1534 3534 Cario
1585 3494 1720 3534 una
1770 3493 1923 3535 cum
1972 3473 2424 3557 agricolarum

436 3715 475 3781 ¹)
517 3718 586 3767 cf.
610 3719 873 3767 Zielinski
905 3735 958 3782 p.
986 3720 1084 3768 126
1107 3734 1186 3782 sq.
1228 3747 1293 3754 -—
1337 3720 1404 3770 cf.
1434 3720 1717 3768 Ranarurn
1746 3721 1942 3783 parodi
1970 3722 2186 3769 initium
2229 3738 2279 3770 v,
2303 3722 2423 3781 354,

291 3806 387 3854 ubi
430 3807 625 3856 eadem
664 3807 783 3858 fere
838 3809 1009 3857 verba
1059 3811 1433 3860 inveniuntur.
1510 3811 1713 3857 Nonne
1755 3810 2023 3858 cohaeret
2063 3810 2264 3857 horum
2306 3825 2424 3858 ver-

290 3895 490 3943 borum
531 3901 695 3945 tenor
743 3913 870 3946 cum
910 3898 1274 3962 sequentibus
1327 3899 1608 3959 versibus,
1667 3900 1939 3961 imprimis
1988 3914 2115 3946 curn
2171 3900 2424 3949 versibus

291 3986 571 4035 291—298
599 3988 911 4036 artissime?
989 3988 1118 4037 Sine
1174 3989 1344 4037 dubio
1397 3989 1538 4037 haec
1592 3993 1826 4051 utraque
1867 4003 1995 4051 pars
2033 3994 2159 4038 arto
2199 3990 2422 4038 vinculo

291 4076 671 4139 coniungitur,
711 4076 863 4138 quod
901 4079 1013 4125 iam
1053 4079 1190 4126 satis
1230 4079 1414 4128 elucet
1456 4093 1484 4126 e
1526 4083 1805 4127 concentu
1847 4080 2104 4127 metrico.
2181 4080 2250 4127 cf.
2281 4081 2424 4128 Hor-

288 4181 442 4230 nung
464 4181 517 4229 p.
540 4167 589 4215 8.
648 4166 718 4213 cf.
748 4167 943 4216 Nubes
966 4167 1052 4217 ed.
1073 4169 1223 4217 Kock
1260 4185 1312 4232 p.
1338 4171 1420 4231 16,
1461 4169 1546 4220 ed.
1575 4170 1773 4234 Reiszjg
1807 4185 1860 4233 p.
1883 4169 2142 4231 XXXIV,
2182 4170 2423 4230 Richter,

290 4255 514 4321 Proleg.
554 4255 625 4304 ad
663 4256 870 4304 Pacem
910 4272 961 4320 p.
1003 4259 1086 4317 46,
1126 4257 1314 4322 Agthe
1352 4274 1404 4323 p.
1448 4261 1566 4309 111.
