3225 5192
1625 514 2073 578 ..40—

782 706 1176 792 bipartitum
1226 728 1374 771 esse
1437 706 1690 793 ubique
1737 718 1980 794 negat,
2043 708 2155 772 hic
2203 709 2469 796 cogitur
2515 710 2601 774 de
2649 711 2922 776 ratione

779 836 900 878 sua
948 814 1274 879 recedere
1321 815 1534 879 haece
1569 814 1803 879 dicens
1851 816 1943 900 (p.
1983 817 2126 898 75):
2179 815 2363 902 ‘Und
2411 817 2547 881 will
2593 820 2921 892 mandie

776 922 1098 1008 wiehtige
1142 920 1484 1008 Wirkung
1532 922 1755 987 dieser
1802 921 2020 986 Szene
2069 923 2253 987 nieht
2300 922 2919 1011 beeintrachtigem

782 1050 858 1092 so
906 1049 1088 1093 muss
1136 1051 1292 1092 man
1338 1028 1448 1094 die
1495 1027 1718 1093 Verse
1766 1028 1923 1094 dem
1972 1028 2423 1094 Gesamtchor
2467 1029 2694 1117 geben
2742 1032 2918 1096 oder

776 1137 1101 1201 vielmehr
1146 1148 1344 1200 unter
1392 1137 1502 1201 die
1550 1136 1944 1202 Halbchore
1991 1136 2359 1203 verteilen'.

913 1260 1227 1346 Denique
1276 1261 1479 1325 odam
1527 1273 1759 1326 cantat
1806 1262 2049 1326 dexter
2085 1262 2535 1341 hemichoruS,
2584 1264 2914 1329 antodam

775 1368 1126 1451 sinister1).

912 1474 1076 1539 Inde
1145 1497 1185 1539 a
1250 1497 1451 1539 versu
1510 1480 1640 1541 350
1709 1476 1969 1539 initium
2040 1477 2223 1562 capit
2294 1488 2598 1542 extrema
2666 1480 2910 1564 parodi

778 1605 957 1668 pars·
1052 1583 1425 1670 Utriusque
1499 1585 1689 1648 chori
1758 1585 1961 1648 animi
2030 1586 2247 1671 magis
2319 1587 2672 1673 magisque
2734 1588 2912 1651 inter

777 1711 926 1755 sese
975 1691 1074 1754 ira
1121 1691 1597 1769 incenduntur,
1647 1691 1809 1755 dum
1839 1712 2041 1755 versu
2076 1696 2202 1757 382
2250 1714 2488 1756 manus
2521 1694 2716 1778 quasi
2750 1714 2912 1758 con-

778 1810 1103 1863 serantur.
1197 1797 1465 1862 Eodem
1536 1820 1739 1862 versu
1809 1810 2163 1862 vertuntur
2231 1800 2603 1863 tetrametri
2672 1801 2740 1863 in
2810 1802 2913 1865 di-

776 1919 1049 1972 metrOS.
1144 1907 1279 1972 Pro
1330 1929 1553 1972 rerum
1600 1919 1843 1971 natura
1906 1909 2047 1972 sine
2113 1906 2322 1972 dubio
2378 1919 2662 1993 uterque
2713 1930 2912 1996 cory-

775 2016 1035 2100 phaeus
1084 2016 1379 2078 virorum
1427 2027 1496 2078 et
1542 2015 1898 2078 mulierum
1964 2015 2151 2078 chori
2213 2036 2384 2078 unus
2440 2015 2621 2079 solus
2675 2028 2909 2101 partes

775 2123 938 2208 agit.
973 2161 1059 2168 —-
1092 2122 1440 2185 Docemur
1487 2122 1693 2207 igitur
1737 2122 1868 2185 hac
1917 2120 2151 2186 fabula
2199 2122 2477 2185 chorum
2524 2144 2659 2185 non
2692 2123 2908 2187 solum

776 2230 843 2292 in
892 2229 1062 2292 duos
1109 2229 1537 2292 hemichoros
1587 2229 1909 2311 (virorum
1960 2241 2029 2292 et
2077 2229 2475 2312 mulierum),
2533 2230 2656 2294 sed
2705 2232 2908 2294 etiam

778 2338 903 2400 hos
950 2336 1378 2400 hemichoros
1429 2337 1495 2398 in
1542 2335 1736 2400 binas
1783 2348 2013 2422 partes
2061 2337 2411 2402 discedere
2460 2358 2683 2423 posse.

911 2461 1262 2525 Adeamus
1310 2461 1400 2525 ad
1446 2461 1775 2526 RanaS.
1871 2461 2217 2539 Quoniam
2281 2463 2492 2526 altero
2554 2464 2620 2526 in
2683 2464 2906 2548 capite

775 2569 970 2633 huius
1020 2570 1603 2632 commentationis
1667 2571 1861 2655 quasi
1921 2570 1987 2632 in
2050 2572 2333 2634 transitu
2396 2571 2775 2635 monuimus
2841 2571 2907 2634 in

776 2677 992 2741 Ranis
1042 2678 1230 2741 chori
1278 2677 1545 2741 cantica
1593 2678 1728 2760 (νν.
1766 2681 2114 2744 324—336
2167 2689 2235 2742 et
2278 2679 2661 2765 340—353)
2712 2690 2906 2742 extra

776 2784 1110 2868 parodum
1177 2785 1565 2848 orchestrae
1631 2785 2085 2870 pronuntiari,
2151 2806 2331 2850 nunc
2400 2807 2570 2872 opus
2637 2798 2737 2850 est
2787 2807 2907 2850 cur

774 2892 907 2955 hoc
954 2892 1375 2976 posuerimus
1422 2890 1628 2976 paulo
1676 2891 1890 2955 fusius
1939 2891 2284 2977 explicare
2333 2905 2400 2956 et
2448 2892 2799 2957 disserere.

910 3014 1200 3079 Constat
1247 3014 1764 3079 Atheniensium
1828 3016 2155 3101 populum
2228 3019 2342 3103 qui
2407 3018 2498 3082 ad
2561 3018 2905 3081 Eleusinia

778 3120 1188 3186 celebranda
1267 3143 1590 3207 pompam
1656 3121 2171 3187 Boedromionis
2236 3122 2385 3187 XX
2449 3124 2558 3188 die
2629 3125 2907 3190 comita-

777 3228 999 3306 batur,
1046 3230 1177 3293 hoc
1227 3229 1292 3291 in
1340 3229 1577 3293 itinere
1629 3231 1927 3294 carmina
1977 3241 2308 3294 cantasse.
2378 3230 2587 3296 Cuius
2635 3232 2905 3318 generis

775 3348 929 3400 sunt
990 3337 1163 3400 haec
1231 3337 1534 3415 cantica,
1602 3358 1778 3422 quae
1846 3338 2090 3402 chorus
2133 3350 2509 3425 mystarum
2558 3351 2753 3404 extra
2800 3362 2907 3404 or-

777 3444 1085 3508 chestrae
1133 3444 1469 3529 parodum
1511 3446 1712 3509 canit.
1783 3445 2164 3532 Dionysum
2212 3448 2388 3510 enim
2437 3460 2505 3511 et
2536 3445 2905 3511 Xanthiam

774 3572 987 3636 usque
1037 3551 1127 3615 ad
1176 3573 1444 3615 versum
1494 3556 1621 3617 339
1673 3564 1930 3641 mystas
1978 3553 2278 3617 nondum
2328 3555 2675 3639 aspexisse
2724 3555 2905 3618 lucu-

773 3660 989 3723 lenter
1035 3659 1336 3723 indicant
1400 3662 1488 3742 (v.
1541 3663 1668 3725 313
1703 3661 1830 3747 sq.)
1879 3659 2167 3749 Dionysi
2215 3660 2459 3726 verba:
2527 3662 2637 3729 καὶ
2691 3661 2905 3751 δᾴδων

773 3767 845 3855 γε’
881 3793 962 3853 με
1003 3765 1010 3856 Ι
1053 3760 1216 3854 αῗρα
1255 3793 1355 3847 τις
1401 3764 1938 3835 εἰσέπνευσε
1981 3767 2439 3858 μυστικωτάτη
2486 3781 2691 3855 atque
2718 3768 2906 3849 Xan-

919 4018 959 4085 1)
1001 4021 1335 4070 cf.Arn0ldt
1370 4016 1539 4085 p.'84:
1580 4022 1874 4086 ‘Dagegen
1915 4021 2141 4070 werden
2180 4023 2284 4070 wir
2309 4021 2496 4070 Recht
2537 4020 2710 4069 daran
2748 4021 2904 4082 thun,

775 4113 876 4161 mit
914 4112 1113 4177 Enger
1163 4127 1209 4160 z.
1251 4112 1319 4160 V.
1361 4112 1459 4161 321
1513 4113 1636 4160 eine
1678 4111 1919 4176 Teilung
1972 4111 2069 4161 des
2111 4111 2646 4164 Weiberhalbchors
2695 4110 2905 4163 wieder

774 4202 829 4256 in
870 4204 900 4253 2
940 4202 1260 4256 Halbchore
1300 4202 1723 4257 anzunehmen'.
