3225 5192
1175 522 1621 586 ...39-..

339 730 408 784 et
458 722 581 786 361
633 719 810 782 hanc
856 729 1125 805 partem
1184 717 1252 781 in
1298 739 1532 782 versus
1581 722 1933 785 307—312
1982 738 2065 783 ac
2115 721 2463 785 313—318

332 827 638 905 dividere
656 829 724 907 1).

467 933 786 1020 Apparet
856 936 944 1017 (v.
1010 935 1172 1019 319)
1250 955 1420 1020 grex
1498 933 1903 999 feminarum
1978 934 2211 998 amicis
2288 956 2464 1020 quae

333 1046 399 1107 in
470 1063 630 1107 arce
707 1041 795 1106 ab
872 1040 1180 1106 hostibus
1260 1039 1727 1105 communibus
1805 1040 2203 1105 obsidentur
2276 1042 2468 1105 auxi-

333 1152 495 1216 lium
552 1151 790 1214 latura.
885 1149 1131 1235 Neque
1179 1149 1416 1213 iniuria
1480 1149 1657 1212 hanc
1718 1148 1960 1233 parodi
2005 1160 2271 1233 partem
2320 1147 2467 1212 Zie-

333 1259 541 1323 linski
601 1258 876 1322 alterius
954 1257 1206 1321 ordinis
1281 1255 1616 1341 parodum
1695 1255 2064 1340 appellavit
2144 1258 2236 1340 (p.
2293 1257 2463 1339 142).

335 1367 564 1444 Quem
637 1365 726 1429 ad
793 1364 1017 1428 locum
1081 1363 1365 1427 adnotat
1435 1361 1800 1426 scholiasta
1864 1363 2067 1430 haec:
2138 1366 2247 1429 νῦν
2292 1361 2467 1429 ἐστὶν

338 1469 671 1563 ἧμιχόριον
716 1470 788 1538 τὸ
837 1471 1021 1558 λέγον
1068 1471 1139 1538 ἐκ
1185 1474 1501 1557 γυναικῶν
1547 1467 2001 1557 εἷσερχομένων
2049 1463 2329 1552 ἄνωθεν,
2391 1467 2467 1537 τὸ

336 1581 407 1648 δὲ
456 1574 618 1647 ἄλλο
668 1574 997 1670 ἧμιχόριον
1058 1578 1128 1658 ἐξ
1171 1572 1420 1665 ἀνδρῶν
1484 1574 1786 1645 κάτωθεν
1851 1575 2277 1663 ἐπερχόμενον
2323 1582 2469 1656 ταῖς

335 1689 402 1754 ἐν
447 1693 529 1775 τῇ
577 1682 931 1775 ἀκροπόλει
980 1684 1073 1765 εἷς
1121 1683 1531 1773 πολιορκίαν.
1628 1683 1898 1762 Quibus
1963 1685 2187 1750 verbis
2234 1707 2470 1771 quam-

336 1797 435 1860 vis
498 1795 850 1881 Hornung
910 1797 1003 1880 (p.
1059 1796 1164 1875 15)
1237 1815 1621 1881 repugnare
1694 1805 2010 1871 conetur,
2083 1806 2309 1859 tamen
2377 1795 2470 1858 nil

337 1903 506 1967 certi
553 1903 760 1965 affert
807 1923 943 1987 quo
993 1901 1395 1966 scholiastae
1445 1901 1849 1965 sententiam
1881 1901 2155 1965 refutet.
2228 1900 2467 1965 Virum

338 2011 617 2074 doctum
665 2006 981 2091 Arnoldt,
1033 2009 1147 2093 qui
1194 2009 1285 2093 (p.
1323 2011 1433 2091 83)
1482 2009 1660 2072 hanc
1708 2008 2178 2093 quaestionem
2226 2009 2469 2073 eadem

337 2118 597 2181 ratione
659 2127 865 2201 atque
927 2114 1279 2201 Hornung
1342 2116 1863 2200 interpretatur,
1932 2127 2116 2179 recte
2187 2117 2470 2180 revincit

338 2223 531 2306 Muff
571 2225 663 2309 (p.
706 2228 824 2289 157
876 2223 1032 2287 adn.
1075 2227 1158 2304 1).
1238 2221 1483 2307 Aeque
1531 2223 1598 2285 in
1645 2235 1840 2307 parte
1890 2244 2065 2308 quae
2114 2223 2469 2308 praecedit

336 2332 531 2396 huius
586 2332 938 2395 mulierum
999 2330 1242 2416 parodi
1289 2331 1477 2393 initio
1542 2342 1609 2394 et
1660 2331 1844 2394 exitu
1908 2330 2046 2395 bini
2097 2333 2470 2396 tetrametri

336 2440 797 2527 inveniuntur..
901 2438 1041 2502 Illic
1112 2437 1461 2501 mulierum
1534 2438 1779 2502 chorus
1849 2438 1938 2503 ad
2009 2439 2469 2503 festinandum

339 2548 694 2623 excitatur,
742 2547 851 2610 hic
900 2547 1145 2610 chorus
1178 2544 1541 2630 alloquitur
1574 2567 1790 2610 senes,
1862 2544 2131 2622 Quibus
2164 2545 2470 2610 versibus

342 2655 535 2740 quasi
604 2654 965 2739 cinguntur
1032 2653 1167 2717 duo
1235 2653 1533 2716 carmina
1599 2674 1776 2738 quae
1826 2652 1950 2717 sibi
1998 2665 2319 2717 accurate
2367 2675 2472 2717 re-

338 2762 695 2847 spondent.
823 2760 1008 2838 Quin
1088 2762 1462 2825 tetrametri
1540 2783 1579 2824 a
1648 2761 2000 2824 mulierum
2078 2763 2470 2849 coryphaeo

339 2871 705 2932 recitentur
752 2868 1045 2933 dubitari
1095 2889 1230 2931 non
1277 2870 1592 2953 potest2).
1676 2867 1885 2945 Quod
1919 2869 2161 2932 attinet
2211 2868 2301 2932 ad
2334 2868 2470 2932 duo
2531 2864 2548 2875 “

338 2977 671 3052 carmina,
744 2988 980 3061 aperte
1031 2997 1231 3039 versu
1281 2979 1408 3041 335
1476 2974 1839 3039 verborum
1895 2987 2090 3040 tenor
2137 2987 2469 3051 mutatur3

338 3104 557 3167 neque
622 3083 767 3145 fieri
833 3093 1060 3167 potest
1126 3094 1200 3145 ut
1264 3093 1625 3168 utrumque
1693 3083 2033 3147 canticum
2091 3082 2179 3147 ab
2228 3083 2471 3147 eodem

339 3201 483 3253 toto
533 3191 743 3253 choro
804 3201 1138 3279 cantetur.
1234 3188 1415 3253 Nam
1463 3189 1772 3254 versibus
1822 3194 2173 3257 321—334
2224 3191 2471 3254 chorus

339 3318 589 3383 magno
656 3298 893 3361 timore
958 3310 1248 3361 vexatur
1312 3319 1396 3360 ne
1466 3297 1727 3361 tardius
1792 3298 2025 3361 amicis
2090 3296 2469 3376 subveniat,

337 3404 642 3468 versibus
709 3416 936 3468 autem
1003 3408 1355 3470 335—349
1426 3416 1790 3490 postquam
1866 3405 2223 3469 affirmavit
2292 3405 2471 3469 viros

339 3512 428 3576 ad
460 3511 698 3576 urbem
731 3513 1301 3598 appropinquare,
1349 3508 1697 3598 postremo
1730 3525 1804 3576 ut
1836 3511 2199 3577 Graeciam
2247 3524 2472 3576 servet

337 3619 722 3684 Minervam
787 3621 1144 3703 invocat3).
1240 3618 1428 3696 Quin
1494 3620 1700 3683 etiam
1758 3618 1951 3701 Muff
2009 3620 2124 3704 qui
2189 3618 2472 3684 chorum

488 3853 526 3919 1)
567 3853 639 3903 cf.
677 3855 921 3903 Arnoldt
957 3870 1009 3917 p.
1051 3855 1147 3903 83:
1189 3854 1280 3920 ιΕεν,
1319 3854 1624 3918 unterliegt
1662 3854 1885 3902 keinem
1923 3851 2175 3915 Zweifel‚
2216 3854 2343 3904 dass
2383 3854 2472 3903 die

340 3946 371 3994 2
412 3945 770 3993 Tetrameter
808 3958 899 3992 arn
939 3942 1169 4010 Anfang
1206 3944 1319 3993 und
1357 3959 1448 3993 arn
1488 3944 1643 3993 Ende
1684 3944 1782 3993 der
1821 3944 2075 3995 Parodos
2123 3961 2253 3996 vom
2294 3946 2471 3997 Chor-

336 4032 531 4082 fsshrer
567 4033 922 4097 gesprochen
961 4032 1226 4083 werden'.

484 4121 524 4188 2)
565 4123 636 4172 cf.
676 4122 840 4190 Muff
867 4138 921 4187 p.
961 4124 1046 4185 75,
1085 4125 1326 4174 Arnoldt
1362 4141 1415 4188 p.
1454 4126 1523 4175 83
1561 4140 1644 4189 sq.

485 4209 524 4278 ⁸)
567 4214 637 4264 cf.
678 4213 943 4263 Zielinski
975 4228 1029 4279 p.
1071 4215 1190 4281 142,
1231 4214 1388 4282 Muff
1422 4229 1476 4278 p.
1517 4216 1583 4266 '14
1623 4230 1705 4280 sq.
1748 4215 1865 4267 157.
