3225 5192
1629 546 2073 609 ,--30-.

795 741 1045 805 afferre
1095 738 1440 804 debemuS.
1511 737 1738 802 Acute
1786 737 1963 801 enim
2012 751 2079 801 et
2125 736 2458 801 subtiliter
2491 737 2592 800 vir
2623 738 2948 802 doctissi-

795 869 942 911 mus
991 847 1373 910 enucleavit
1406 867 1647 910 vocem
1694 843 1808 912 καί
1854 868 1917 908 ν.
1950 849 2077 910 274
2125 845 2394 908 minime
2446 845 2535 947 ad
2569 844 2944 909 verborum

797 966 1102 1018 tenorem
1135 955 1492 1041 quadrare,
1525 955 1653 1018 nisi
1687 974 2039 1021 censemus
2072 954 2203 1017 hoc
2235 952 2387 1017 loco
2421 975 2628 1016 unum
2661 975 2942 1016 versum

797 1084 945 1126 esse
997 1062 1252 1139 elisum,
1301 1061 1391 1125 ad
1439 1082 1644 1147 quem
1693 1059 1855 1123 illud
1904 1057 2019 1126 καί
2067 1060 2305 1123 referri
2355 1060 2588 1144 possit.
2670 1059 2943 1136 Quam-

795 1191 999 1254 quam
1066 1190 1298 1233 omnes
1316 1171 1362 1251 ¹)
1434 1168 1579 1231 fere
1648 1167 1770 1229 viri
1839 1167 2025 1230 docti
2099 1167 2165 1229 in
2232 1166 2333 1229 his
2396 1165 2699 1230 versibus
2770 1187 2939 1230 con-

794 1278 1051 1339 tinuam
1115 1276 1486 1340 orationem
1548 1286 1968 1361 agnoscunt,
2040 1285 2263 1337 tamen
2337 1274 2653 1337 videntur
2720 1274 2938 1337 mani-

737 1444 742 1449 .
796 1383 976 1447 festo
1011 1382 1217 1447 dilabi
1265 1383 1332 1445 in
1365 1382 1534 1445 duas
1567 1392 1819 1466 partes,
1900 1381 2082 1444 Nam
2130 1380 2184 1444 si
2216 1379 2579 1443 verborum
2626 1392 2934 1444 tenorem

796 1490 1299 1575 introspexeris,
1348 1489 1535 1552 initio
1569 1509 1804 1551 versus
1840 1492 1960 1553 251
2014 1487 2256 1551 eadem
2286 1487 2433 1551 fere
2467 1487 2678 1552 verba
2710 1488 2934 1552 redire

796 1617 880 1661 ac
928 1619 1130 1660 versu
1179 1601 1305 1662 247
1358 1617 1757 1682 cognosces·
1853 1594 2090 1680 Itaque
2157 1595 2316 1659 mihi
2363 1617 2762 1680 persuasum
2808 1607 2933 1673 est,

798 1704 982 1789 quod
1016 1704 1219 1767 etiam
1268 1724 1421 1767 cum
1470 1724 1552 1766 eo
1601 1703 1786 1788 quod
1835 1723 2039 1787 supra
2087 1702 2429 1766 attulimus
2477 1703 2731 1787 optime
2773 1723 2935 1766 con-

799 1813 996 1889 cinit,
1070 1833 1301 1875 versus
1351 1815 1704 1877 247-250
1772 1831 1920 1874 esse
1992 1810 2182 1874 ducis
2230 1809 2494 1873 dexteri
2538 1810 2928 1888 hemichori,
3005 1862 3012 1867 .

801 1941 1030 1983 versus
1080 1923 1430 1985 251—254
1481 1920 1673 1983 ducis
1723 1919 1971 1981 sinistri
2018 1919 2409 1982 hemichori,
2479 1917 2738 1982 Contra
2784 1919 2934 2004 plu-

797 2028 943 2089 rimi
991 2027 1114 2091 viri
1161 2027 1348 2091 docti
1394 2027 1542 2111 pari
1590 2048 1905 2089 versuum
1966 2046 2246 2088 numero
2293 2025 2585 2089 fortasse
2649 2025 2931 2090 adducti

800 2146 1079 2198 censent
1110 2155 1344 2197 versus
1372 2137 1728 2199 247——254
1762 2132 2175 2219 respondere
2220 2131 2522 2196 versibus
2557 2137 2929 2198 258—265.

802 2241 1012 2318 Quod
1062 2242 1331 2305 minime
1383 2259 1649 2305 verum:
1721 2263 1877 2304 nam
1933 2262 2249 2305 versuum
2297 2263 2576 2305 numero
2641 2255 2931 2327 excepto

799 2348 1064 2433 utrique
1114 2349 1293 2433 parti
1341 2349 1433 2412 nil
1480 2370 1837 2413 commune
1872 2360 1993 2412 est.
2073 2347 2213 2411 Illic
2263 2349 2658 2412 cohortatur
2691 2349 2931 2413 chorus

800 2454 1310 2541 Allantopolam
1376 2467 1449 2519 ut
1513 2456 1827 2521 verberet
1893 2454 2441 2543 Paphlagonem‚
2513 2456 2623 2520 hic
2690 2458 2931 2520 chorus

801 2574 918 2626 aut
965 2564 1396 2649 coryphaeus
1462 2577 1813 2627 enumerat
1859 2561 2324 2649 Paphlagonis
2380 2563 2709 2628 facinora.
2804 2562 2930 2628 Cui

801 2681 1029 2733 autem
1062 2692 1295 2734 versus
1332 2675 1682 2737 258—265
1724 2671 1958 2734 melius
2005 2670 2451 2735 attribuamus
2500 2693 2705 2756 quam
2738 2693 2934 2760 cory-

801 2776 1072 2863 phaeo?
1167 2776 1345 2841 Illius
1397 2779 1574 2841 enim
1624 2791 1726 2841 est
1773 2778 2036 2864 singula
2085 2790 2528 2863 pertractare.

939 2904 1013 2968 In
1080 2904 1384 2969 versibus
1455 2903 1895 2990 sequentibus
1961 2927 2193 2968 versus
2243 2909 2363 2970 271
2420 2926 2518 2990 sq.
2586 2904 2932 2990 oppositos

804 3033 951 3075 esse
1002 3012 1225 3075 versui
1274 3016 1399 3077 276
1436 3033 1534 3098 sq.
1585 3012 1741 3075 inde
1791 3013 2010 3076 elucet
2059 3013 2243 3097 quod
2290 3025 2576 3097 utraque
2624 3014 2691 3075 in
2739 3025 2931 3097 parte

807 3119 1061 3182 eisdem
1114 3119 1278 3183 locis
1327 3112 1570 3183 e'adem
1617 3120 1761 3183 fere
1798 3119 2135 3184 vocabula
2167 3121 2390 3204 posita
2421 3132 2597 3183 sunt.
2667 3120 2757 3183 cf.
2792 3114 2930 3185 ἀλλ’

805 3225 916 3292 ἐὰν
964 3250 1073 3290 vv.
1127 3231 1275 3293 271.
1328 3231 1478 3304 276,
1531 3232 1680 3315 νικᾷ
1727 3251 1788 3290 v.
1841 3232 1990 3306 271,
2040 3233 2221 3316 νικᾷς
2267 3252 2329 3292 v.
2382 3232 2535 3305 276,
2593 3222 2669 3318 ἢν
2716 3223 2775 3293 δ’
2827 3250 2931 3290 vv.

808 3338 956 3399 272.
1008 3338 1154 3400 277.

940 3459 1209 3523 Deinde
1281 3460 1334 3522 si
1407 3461 1748 3545 sequimur
1794 3458 2178 3546 Sauppz'um
2252 3461 2701 3525 conicientem
2769 3461 2936 3524 illius

807 3588 1041 3630 versus
1109 3580 1267 3631 ante
1316 3590 1583 3631 versum
1634 3572 1760 3633 274
1829 3568 2033 3632 deleti
2099 3590 2369 3632 sensum
2433 3570 2580 3632 fere
2650 3569 2937 3633 eundem

808 3674 1016 3738 fuisse
1065 3696 1149 3739 ac
1196 3699 1258 3739 v.
1310 3658 1477 3741 2695
1545 3670 1632 3755 ὡς
1679 3670 1981 3764 ἀλαφιὸν,
2046 3671 2133 3755 ὡς
2180 3675 2251 3741 δέ
2294 3675 2604 3764 μάσθλης
2665 3669 2830 3755 εἶδες
2876 3666 2942 3742 οἷ

730 3775 735 3779 ’
809 3776 1182 3868 ὑπέρχεται,
1253 3783 1455 3846 etiam
1502 3804 1610 3847 vv.
1663 3788 1805 3849 269.
1865 3787 1993 3849 270
2043 3797 2109 3847 et
2160 3788 2330 3849 274⁸·
2394 3788 2521 3849 274
2571 3785 2746 3848 inter
2791 3805 2937 3848 sese

811 3890 1062 3974 optime
1145 3893 1616 3977 congruunt2).
1726 3890 2048 3955 Animum
2135 3914 2391 3978 quaeso
2470 3893 2781 3957 intendas
2851 3891 2939 3955 ad

956 4136 995 4203 ¹)
1034 4138 1218 4189 Aliter
1259 4153 1391 4189 sane
1429 4138 1674 4189 Arnoldt
1709 4154 1763 4204 p.
1804 4140 1887 4204 50.

955 4226 996 4299 ²)
1038 4228 1108 4280 cf.
1148 4228 1410 4281 Zielinski
1442 4244 1494 4297 p.
1535 4230 1638 4285 268
1667 4245 1748 4303 sq.
