3225 5192
787 760 1063 847 agonis,
1134 760 1382 826 deinde
1447 773 1722 825 manent
1783 762 2068 827 eaedem
2131 783 2501 847 personae3
2571 775 2934 848 postremo

786 868 974 933 hisce
1021 868 1183 953 ipsis
1229 867 1536 933 versibus
1583 869 1824 955 agonis
1871 870 2080 955 ipsius
2127 870 2307 934 actio
2354 883 2803 956 praeparatur
2851 884 2933 936 et

786 975 1172 1052 instituitur,
1224 976 1316 1039 ita
1364 988 1437 1039 ut
1486 996 1619 1062 ego
1666 976 1940 1062 quidem
1988 979 2165 1042 hanc
2211 989 2478 1063 partem
2524 979 2718 1063 quasi
2761 1001 2934 1063 pro-

785 1103 1078 1168 agonem
1164 1103 1423 1146 vocem.
1546 1080 1720 1147 Aliis
1811 1083 2217 1169 quibusdam
2302 1085 2369 1147 in
2447 1085 2695 1149 fabulis
2771 1086 2926 1171 ipse

788 1189 1120 1253 Zielinski
1159 1192 1250 1275 (p.
1285 1193 1435 1273 119)
1483 1211 1907 1277 proagonem
1962 1192 2293 1278 agnoscit.
2363 1190 2475 1255 Ac
2523 1192 2578 1254 si
2626 1213 2708 1255 ea
2739 1214 2920 1278 quae

785 1297 892 1360 ille
944 1298 1030 1361 de
1076 1319 1426 1384 proagone
1477 1298 1792 1361 disseruit
1854 1311 2087 1363 nostro
2159 1319 2313 1362 cum
2359 1298 2514 1363 loco
2563 1319 2923 1385 compara-

785 1425 970 1481 muS,
1039 1406 1273 1467 mirum
1341 1416 1669 1490 quantum
1736 1404 2050 1468 videntur
2114 1406 2257 1470 eius
2322 1405 2532 1470 verba
2599 1406 2691 1470 ad
2737 1408 2918 1471 hunc

785 1533 1204 1598 proagonem
1252 1513 1610 1598 quadrare.
1677 1512 1794 1577 Ille
1828 1512 2006 1577 enim
2054 1516 2147 1599 (p.
2180 1515 2330 1596 119)
2379 1514 2679 1599 explicat
2709 1516 2914 1579 haec:

787 1619 938 1706 ‘Die
970 1618 1299 1706 Aufgabe
1334 1621 1456 1684 des
1489 1619 1810 1708 Proagon
1844 1621 1929 1684 ist
1961 1621 2293 1685 dreifach.
2359 1621 2640 1684 Erstens
2675 1622 2917 1686 sollten

786 1727 894 1791 die
961 1726 1279 1813 Gegner,
1350 1729 1583 1792 sofern
1653 1730 1748 1792 sie
1819 1729 1949 1793 den
2015 1727 2451 1791 Zuschauern
2521 1727 2916 1793 unbekannt

785 1857 1034 1912 waren,
1084 1835 1453 1900 denselben
1499 1816 1896 1923 vorgestellt
1938 1836 2252 1910 werden3
2300 1857 2409 1900 wo
2458 1835 2680 1899 dieses
2731 1837 2915 1900 nicht

783 1945 1028 2019 zutraf,
1079 1943 1188 2007 fiel
1235 1944 1457 2008 dieser
1503 1944 1659 2007 Teil
1704 1944 2039 2008 naturlich
2086 1964 2208 2007 aus
2256 1943 2352 2026 (id
2399 1943 2586 2029 quod
2635 1944 2744 2008 hic
2792 1965 2915 2007 usu

783 2052 1017 2134 venit).
1110 2051 1448 2115 Zweitens
1509 2050 1704 2115 sollte
1765 2052 1874 2116 die
1922 2051 2407 2135 Kampfeswut
2466 2051 2590 2114 der
2636 2050 2917 2137 Gegner

785 2158 978 2222 darin
1011 2158 1340 2222 austoben
1390 2158 1530 2221 und
1570 2158 1681 2222 die
1714 2158 1887 2222 Lust
1923 2158 2044 2223 des
2077 2179 2362 2244 grossen
2394 2148 2795 2221 Publikums
2827 2181 2914 2221 an

783 2265 978 2328 Zank
1028 2265 1166 2329 und
1213 2265 1423 2328 Larm
1481 2264 1852 2352 befriedigt
1900 2265 2214 2342 werden,
2278 2265 2490 2328 damit
2537 2264 2660 2327 der
2707 2264 2914 2329 Streit

785 2373 874 2434 im
943 2372 1151 2457 Agon
1231 2371 1439 2436 selbst
1517 2372 1712 2436 desto
1789 2373 2203 2459 geordneter
2278 2372 2562 2457 geffihrt
2639 2372 2913 2436 werden

784 2478 1060 2542 konnte.
1154 2479 1445 2543 Endlich
1508 2480 1703 2544 sollte
1751 2480 1874 2544 der
1920 2479 2367 2566 Gegenstand
2429 2479 2568 2542 und
2625 2479 2735 2543 die
2784 2479 2913 2543 Be·-

785 2588 1182 2673 dingungen
1230 2587 1352 2651 des
1385 2587 1670 2653 Streites
1719 2588 2123 2675 festgestellt
2172 2589 2443 2652 werden
2496 2589 2614 2671 (cf.
2651 2610 2712 2651 v.
2750 2592 2911 2653 523:

786 2690 861 2784 ἢν
891 2694 1012 2782 γὰρ
1046 2690 1313 2783 ἡττηθῶ
1335 2696 1545 2782 λέγων
1576 2720 1709 2777 σου,
1762 2700 2248 2783 περιπεσοῦμαι
2295 2699 2386 2782 τῷ
2433 2693 2654 2785 ξίφει).
2721 2694 2913 2758 Dazu

785 2802 1067 2888 gesellte
1128 2802 1269 2866 sich
1332 2804 1396 2889 je
1458 2804 1636 2867 nach
1701 2803 1835 2867 den
1884 2802 2308 2868 Umstanden
2375 2801 2488 2865 die
2539 2802 2744 2866 Wahl
2793 2802 2911 2866 des

785 2910 1107 2974 Richters
1175 2910 1290 2992 (cf.
1355 2933 1417 2973 v.
1454 2915 1633 2992 ,5212
1702 2910 1817 2977 καὶ
1878 2904 2224 2996 τούτοισίγ)
2277 2908 2643 2995 ἐπιτρέψαι
2704 2910 2909 2991 θέλω)

787 3019 926 3082 und
987 3019 1240 3083 andere
1306 3020 1497 3082 mehr
1563 3019 1731 3083 oder
1794 3019 2056 3083 minder
2117 3018 2466 3082 feierliche
2530 3017 2915 3104 Eingangs-

788 3125 1256 3190 ceremonien.'

919 3234 1038 3298 Ad
1086 3247 1462 3298 extremum
1523 3236 1578 3299 si
1633 3235 1861 3320 placet
1922 3237 2101 3299 hunc
2164 3258 2369 3321 quem
2430 3236 2715 3300 dicimus
2761 3256 2916 3320 pro-

788 3363 1079 3428 agonem
1112 3364 1197 3404 ex
1232 3340 1590 3404 Zielinskii
1613 3345 1960 3407 schemate
1993 3342 2387 3407 brevissime
2421 3358 2914 3429 pertractemus

788 3461 855 3513 et
880 3449 1156 3535 singulis
1181 3449 1514 3513 addamus
1541 3472 1656 3513 eas
1683 3452 1989 3515 notiones
2015 3473 2185 3536 quas
2211 3453 2565 3536 proposuit
2593 3450 2922 3514 Zielinski

788 3557 1165 3621 sollemnes·

920 3664 1238 3749 Excepto
1272 3687 1405 3728 uno
1440 3666 2082 3731 anticataceleusmo
2101 3668 2147 3750 1)
2198 3668 2286 3749 (v.
2323 3668 2484 3751 486)
2533 3665 2783 3750 ubique
2818 3665 2918 3727 in-

936 3897 973 3963 ¹)
1015 3891 1475 3969 Κατακελευσμὸν
1513 3905 1569 3950 et
1610 3892 2176 3971 ιῖντικατακελευσιιιὸν
2213 3902 2463 3966 intellegi
2503 3901 2621 3950 vult
2662 3901 2924 3951 Zielinski

789 3989 1037 4052 singulos
1057 3989 1180 4038 illos
1219 3994 1581 4039 tetrametros
1621 3993 1715 4054 qui
1743 4005 1985 4055 agonum
2017 3996 2072 4040 et
2099 3992 2222 4040 odis
2251 3996 2306 4040 et
2333 3990 2557 4040 antodis
2587 3991 2916 4045 exeuntibus

789 4092 1009 4140 semper
1048 4078 1164 4126 fere
1200 4080 1574 4128 inveniuntur.
1648 4080 1723 4128 Iis
1764 4082 1911 4129 enim
1951 4082 2203 4130 versibus
2244 4083 2489 4129 excitant
2527 4081 2918 4129 hemichorum

791 4165 962 4214 duces
1014 4167 1131 4214 sive
1178 4167 1606 4216 alterumutrum
1660 4170 1778 4217 sive
1818 4174 2115 4235 utrumque
2163 4169 2546 4219 adversarium
2586 4168 2657 4218 ad
2696 4170 2918 4225 fortiter

790 4255 1118 4306 certandum
1176 4256 1248 4308 cf.
1288 4258 1551 4308 Zielinski
1582 4275 1635 4324 p.
1679 4260 1779 4311 120
1820 4274 1901 4326 sq.
