3225 5192
1627 558 2073 634 ³...50ss⁸

788 763 954 852 quid
1018 764 1145 830 sibi
1210 763 1442 829 volunt
1507 777 1666 828 ante
1732 786 2002 828 versum
2050 767 2179 829 310
2243 762 2359 827 ubi
2424 762 2734 828 defendit
2798 761 2943 827 Di-

790 872 1132 958 caeopolis
1178 871 1772 935 Lacedaemonios
1836 872 2008 935 haec
2054 869 2296 934 verba:
2363 859 2403 960 ἦ
2449 869 2531 936 σὺ
2576 869 2942 960 τολμήσεις

787 975 957 1067 ὑπὲρ
1018 983 1147 1045 τῶν
1211 976 1548 1064 πολεμίων
1613 973 1767 1068 ἡμῖν
1828 977 2083 1064 λέγεινὲ
2172 976 2356 1040 Nam
2419 978 2737 1062 quoniam
2795 975 2934 1041 Di-

791 1088 1134 1173 caeopolis
1182 1098 1339 1150 ante
1371 1083 2147 1174 versum23lOsnondum
2191 1083 2332 1170 pro'
2350 1083 2935 1150 Lacedaemoniis

788 1194 923 1259 ulla
963 1193 1176 1259 verba
1223 1194 1412 1270 fecit,
1460 1194 1593 1257 hoc
1641 1193 1791 1257 loco
1840 1214 1922 1256 ea
1957 1190 2165 1256 verba
2212 1193 2374 1256 mihi
2422 1193 2738 1256 videntur
2769 1213 2932 1256 sen-

788 1323 934 1366 sum
997 1302 1311 1365 idoneum
1381 1322 1517 1364 non
1577 1300 1934 1385 praebere.
2028 1298 2146 1364 Ad
2212 1312 2587 1364 extremum
2657 1298 2930 1363 Wachs-

786 1409 973 1471 mutlz
1022 1408 1119 1494 (p.
1158 1413 1285 1474 380
1318 1410 1447 1493 sq.)
1495 1420 1851 1493 utramque
1900 1429 2215 1471 versuum
2250 1411 2601 1472 323—324
2647 1419 2927 1492 partem

787 1529 1200 1601 postremam
1261 1516 1435 1578 inter
1500 1536 1649 1578 sese
1698 1536 1846 1579 esse
1896 1526 2682 1579 commutatam'censet.
2775 1513 2927 1579 Sed

787 1624 1027 1687 iterum
1098 1644 1217 1686 cur
1286 1623 1387 1685 vir
1455 1622 1701 1687 doctus
1764 1622 1875 1686 hic
1939 1633 2135 1707 putet
2200 1621 2698 1686 emendandum
2767 1643 2923 1685 esse

787 1732 1100 1817 equidem
1165 1731 1432 1794 minime
1493 1731 1715 1795 video,
1810 1730 1992 1795 Nam
2037 1741 2401 1816 postquam
2462 1730 2708 1794 chorus
2756 1751 2926 1794 con-

788 1839 1000 1903 tendit
1076 1860 1225 1902 sese
1301 1839 1528 1923 potius
1615 1838 1986 1923 periturum
2071 1859 2275 1924 quam
2351 1837 2924 1922 Dicaeopolidem

782 1946 1167 2009 auditurum
1217 1967 1402 2022 esse,
1473 1957 1616 2008 tum
1663 1944 2031 2030 respondet
2097 1942 2205 2007 ille
2253 1945 2535 2008 ironice:
2599 1946 2923 2033 μηδαμῶς

782 2042 1127 2139 ὦχαρνικοί
1172 2053 1212 2115 i.
1248 2074 1305 2116 e.
1356 2050 1696 2131 ἐξόλοισθε
1720 2055 1792 2137 1).
1868 2051 2116 2116 Nonne
2166 2043 2369 2137 igitur
2402 2050 2612 2115 verba
2642 2072 2918 2115 sensum

781 2157 1103 2223 exhibent
1149 2158 1257 2222 vel
1307 2157 1680 2244 optimum?
1774 2157 1976 2235 Quae
2026 2179 2179 2222 cum
2226 2160 2321 2223 ita
2368 2159 2529 2237 sint,
2594 2180 2915 2223 versuum

784 2270 1133 2331 302—334
1204 2266 1761 2351 tripartitionem,
1831 2288 2036 2352 quam
2106 2264 2525 2329 Waclzsmutlz
2599 2288 2683 2330 ex
2755 2288 2919 2331 con·
3005 2310 3008 2311 ν

780 2374 1053 2437 iecturis
1100 2374 1224 2437 illis
1275 2375 1627 2452 conclusit,
1675 2374 2007 2439 caducam
2057 2396 2204 2438 esse
2253 2396 2452 2438 nemo
2500 2373 2802 2462 negabit.

913 2498 1124 2562 Aliud
1154 2500 1475 2584 proponit
1501 2497 1834 2562 Zielinski
1858 2501 1949 2584 (p.
1984 2504 2105 2565 129
2134 2512 2202 2563 et
2228 2504 2355 2566 352
2384 2502 2533 2586 sq.).
2584 2498 2914 2564 Nostrum

781 2607 957 2671 enim
1004 2607 1225 2671 locum
1272 2602 1512 2671 dividit
1558 2607 1728 2671 duas
1776 2608 1843 2670 in
1887 2619 2119 2692 partes
2166 2630 2343 2694 quae
2393 2609 2567 2671 inter
2603 2630 2674 2672 se
2709 2630 2916 2673 accu-

779 2718 925 2778 rate
989 2712 1402 2799 respondent
1462 2735 1685 2799 neque
1750 2714 1893 2778 sine
1959 2713 2456 2799 probabilitatis
2517 2715 2745 2799 specie
2795 2715 2915 2779 de-

781 2832 1153 2885 monstrare
1203 2833 1488 2885 conatur
1531 2842 1748 2906 usque
1794 2821 1886 2885 ad
1928 2842 2196 2885 versum
2223 2826 2350 2887 318
2398 2820 2666 2886 dexteri
2696 2823 2909 2886 herni-

782 2928 969 2991 chori
1015 2926 1260 2991 ducem
1308 2939 1424 2990 aut
1473 2928 1976 3015 coryphaeum,
2037 2928 2195 2992 inde
2243 2927 2331 2992 ab
2392 2929 2521 2992 hoc
2573 2949 2771 2992 versu
2817 2929 2911 2992 ad

780 3055 1048 3097 versum
1097 3038 1225 3099 334
1287 3034 1533 3098 sinistri
1593 3035 1963 3099 hemichori
2029 3035 2274 3099 ducem
2328 3033 2541 3098 verba
2589 3035 2819 3100 facere
2837 3037 2909 3118 2).

781 3139 922 3205 Sed
968 3142 1139 3204 haec
1187 3163 1294 3205 res
1342 3142 1503 3205 mihi
1549 3142 1714 3205 satis
1760 3140 2022 3206 lubrica
2070 3142 2358 3207 videtur.

913 3265 1307 3329 Redeamus
1367 3267 1457 3329 ad
1506 3288 1668 3330 rem.
1761 3267 1903 3331 Iam
1949 3268 2214 3352 pridem
2260 3267 2700 3353 Dicaeopolis
2749 3290 2913 3333 con-

780 3372 997 3435 silium
1061 3374 1483 3436 machinatus
1531 3385 1668 3451 est,
1736 3395 1871 3459 quo
1919 3375 2136 3438 fretus
2202 3396 2423 3461 aequo
2490 3376 2714 3440 animo
2763 3397 2908 3438 rem

779 3478 869 3543 ad
935 3491 1310 3543 extremum
1376 3480 1736 3545 discrimen
1803 3482 2137 3546 accedere
2203 3483 2376 3546 sinit.
2472 3481 2671 3546 Alter
2732 3484 2911 3546 enim

780 3585 1126 3671 Telephus
1174 3586 1544 3651 carbonum
1599 3589 1835 3652 fiscum
1882 3588 2438 3653 Acharnensibus
2493 3590 2911 3654 carissimum

780 3693 1014 3778 arripit
1064 3694 1376 3758 minitans
1440 3694 1555 3759 ubi
1601 3695 1865 3780 lapides
1931 3696 2169 3759 iacturi
2230 3697 2480 3760 fuerint
2526 3696 2710 3760 illum
2761 3718 2911 3760 esse

779 3801 1171 3885 periturum.
1247 3801 1473 3866 Versu
1524 3807 1650 3867 334
1700 3803 1901 3866 finem
1949 3817 2330 3867 assecutum
2380 3816 2483 3867 est
2532 3802 2910 3868 diverbium

780 3909 952 3971 inter
1006 3907 1566 3994 Dicaeopolidem
1633 3921 1701 3973 et
1766 3912 2249 3999 coryphaeum.
2344 3910 2612 3975 Chorus
2680 3922 2911 3975 autem

926 4157 963 4224 ¹)
1004 4160 1072 4209 cf.
1113 4160 1348 4210 Literar.
1390 4161 1762 4212 Centralblatt
1822 4163 1957 4212 1874
2014 4179 2065 4226 p.
2109 4164 2208 4213 175
2237 4178 2355 4227 sqq.

923 4247 964 4314 ⁹)
1006 4248 1077 4299 cf.
1117 4251 1342 4312 Zac-ber,
1386 4250 1787 4300 Wochenschr.
1825 4250 1864 4303 f.
1903 4252 2070 4302 klass.
2089 4253 2232 4302 Phil.
2273 4254 2408 4303 1886
2449 4253 2640 4302 Nr.5o
2678 4268 2728 4316 p.
2754 4254 2909 4304 1571.
