3225 5192
1620 938 1684 1008 C
1715 961 1758 1007 a
1787 961 1836 1031 p
1868 962 1918 1006 u
1946 947 1980 1006 t
2043 937 2095 1006 I.

1370 1096 1496 1188 De
1562 1094 1899 1212 parodi
1965 1092 2339 1188 finibus.

1782 1295 1817 1376 ξ
1869 1297 1925 1358 1.

924 1417 1347 1482 Parodorum
1415 1417 1503 1481 ad
1552 1418 1719 1481 fines
1769 1419 2276 1482 constituendos
2332 1419 2693 1503 plurimum
2741 1420 2923 1484 valet

794 1548 874 1589 ea
924 1527 1232 1611 quaestio
1281 1526 1492 1610 quod
1541 1537 1907 1588 metrum
1956 1537 2145 1589 ante
2192 1527 2660 1611 parodum,
2711 1529 2922 1613 quod

791 1646 1004 1718 post
1051 1632 1483 1717 parodum
1532 1634 2013 1697 inveniatur.
2092 1632 2274 1697 Nam
2323 1655 2476 1697 cum
2524 1635 2920 1699 comoediae

794 1740 1097 1803 diverbia
1163 1740 1270 1803 vel
1318 1739 1625 1823 episodia
1687 1740 1965 1804 condita
2032 1742 2163 1804 sint
2226 1743 2544 1806 trimetris
2595 1741 2920 1819 iambiciS,

791 1847 1033 1932 parodi
1080 1847 1247 1910 fines
1296 1849 1443 1932 ipso
1492 1861 1708 1912 metro
1758 1849 1851 1912 ita
1901 1848 2195 1913 describi
2243 1862 2552 1935 apparet,
2616 1862 2691 1914 ut
2741 1850 2921 1915 unde

790 1955 1080 2038 primum
1146 1955 1446 2017 trimeter
1507 1954 1834 2019 iambicus
1902 1977 2050 2020 esse
2116 1956 2389 2033 desinit,
2455 1957 2755 2042 parodus
2803 1958 2924 2020 ini-

793 2062 956 2123 tium
1007 2062 1263 2145 capiat,
1328 2063 1506 2125 unde
1574 2063 1877 2126 trimeter
1944 2062 2272 2127 iambicus
2341 2064 2545 2141 redit,
2621 2066 2921 2150 parodus

793 2169 1045 2230 exitum
1112 2167 1383 2231 habeat.
1477 2168 1724 2254 Neque
1791 2169 2153 2233 discedunt
2213 2172 2343 2235 hac
2406 2193 2447 2234 a
2512 2171 2665 2257 lege
2723 2169 2922 2236 Pacis

792 2288 860 2338 et
906 2273 1257 2339 Ranarum
1324 2298 1498 2361 quae
1563 2277 1994 2341 nominantur
2058 2276 2695 2368 παραχορηγήματας
2768 2302 2922 2343 nam

794 2396 1322 2448 consentaneum
1370 2398 1472 2449 est
1520 2387 1759 2448 harum
1801 2389 2118 2471 partium,
2167 2409 2579 2473 quamquam
2627 2389 2922 2452 omnium

794 2512 1125 2555 consensu
1173 2514 1258 2555 ne
1310 2492 1654 2555 minimum
1701 2492 1977 2579 quidem
2026 2495 2395 2558 cohaerent
2445 2516 2600 2559 cum
2632 2495 2918 2580 parodO,

792 2610 1079 2661 metrum
1129 2599 1516 2682 discrepare
1565 2621 1605 2661 a
1651 2600 1919 2685 prologi
1967 2601 2284 2664 trimetris
2333 2600 2638 2666 iambicis
2656 2604 2724 2686 1).

926 2723 1476 2808 Introspiciamus
1511 2744 1689 2787 nunc
1722 2724 1908 2809 quod
1940 2736 2225 2787 metrum
2263 2726 2327 2788 in
2362 2726 2639 2812 singulis
2672 2726 2919 2790 fabulis

793 2842 980 2894 extet
1029 2831 1299 2893 ineunte
1346 2829 1630 2915 parodO.
1709 2829 2255 2896 Acharnensium
2307 2833 2461 2897 inde
2511 2856 2550 2897 a
2599 2857 2659 2897 V.
2696 2836 2914 2917 2042),

793 2937 1120 3022 Equitum
1167 2959 1206 3000 a
1253 2960 1316 3000 v.
1369 2942 1526 3014 242,
1599 2936 1800 3001 Pacis
1848 2960 1887 3001 a
1945 2961 2007 3003 v,
2059 2943 2216 3017 299,
2291 2939 2544 3003 Avium
2590 2963 2632 3005 a
2677 2963 2741 3004 v.
2793 2946 2918 3007 268

795 3043 1199 3107 exhibentur
1245 3045 1619 3107 tetrametri
1669 3046 1995 3108 trochaici
2047 3047 2458 3124 catalectici,
2530 3046 2832 3111 Nubium
2880 3070 2919 3111 a

793 3174 856 3214 v.
908 3156 1056 3227 263,
1106 3150 1458 3214 Ranarum
1508 3173 1548 3214 a
1596 3174 1659 3213 v.
1712 3155 1863 3229 354,
1911 3152 2541 3218 Ecclesiazusarum
2586 3176 2627 3218 a
2675 3178 2738 3218 v.
2791 3159 2917 3220 285

795 3259 1168 3321 tetrametri
1214 3258 1634 3342 anapaestici
1684 3259 2087 3337 catalectici,
2135 3260 2525 3346 Vesparum
2571 3285 2612 3326 a
2660 3285 2723 3326 V.
2772 3267 2923 3339 230,

793 3364 1220 3453 Lysistratae
1270 3387 1310 3428 a
1359 3388 1421 3428 v.
1476 3370 1634 3441 254,
1701 3364 1882 3429 Pluti
1929 3390 1970 3430 a
2017 3391 2079 3430 v.
2132 3373 2259 3433 253
2324 3371 2699 3434 tetrametri
2761 3372 2924 3432 iam-

796 3472 929 3535 bici
986 3472 1385 3536 catalectici.
1484 3472 1680 3550 Quas
1746 3472 1835 3537 ad
1900 3474 2198 3559 parodos
2265 3478 2534 3541 accedit
2582 3477 2925 3541 Ecclesia-

796 3600 1107 3642 zusarum
1178 3601 1379 3664 quam
1443 3578 1687 3643 Pollux
1752 3580 1872 3658 IV,
1928 3585 2049 3647 108
2122 3581 2421 3668 appellat
2492 3582 2922 3670 ἐπιπάροδος,

797 3684 912 3748 ubi
960 3687 1331 3780 tetrametri
1380 3686 1652 3751 iambici
1698 3688 2017 3774 permixti
2083 3703 2238 3752 sunt
2288 3710 2441 3752 cum
2488 3691 2924 3754 monometris

943 3933 982 3998 1)
1024 3936 1090 3983 cf.
1123 3937 1410 4001 Homnng,
1459 3938 1547 3985 De
1586 3939 1840 4002 partibus
1880 3938 2209 3988 comoediae
2248 3954 2505 4004 graecae.
2564 3939 2745 3991 Berol.
2793 3941 2920 3989 1861

796 4039 850 4087 p.
877 4025 957 4072 12.
998 4052 1062 4059 —-
1101 4025 1172 4073 A.
1194 4025 1424 4088 AWz'c‘ller,
1465 4025 1693 4075 Griech.
1713 4026 2112 4076 Biihnenaltth.
2149 4043 2203 4091 p.
2227 4030 2326 4079 177
2349 4043 2466 4092 sqq.
2492 4057 2557 4063 —
2590 4028 2650 4093 J.
2681 4030 2922 4089 Richter,

798 4114 946 4162 Prol.
985 4113 1056 4162 ad
1096 4115 1302 4163 Pacem
1359 4131 1411 4179 p.
1452 4117 1519 4164 40
1548 4131 1630 4179 sq.

941 4219 981 4287 2)
1022 4221 1280 4271 Editione
1320 4239 1452 4272 usus
1490 4239 1613 4272 sum
1653 4224 2006 4274 Meinekiana
2043 4225 2321 4290 Lipsiensi
2361 4243 2410 4276 a.
2458 4229 2612 4277 1860.
