3225 5192
1174 550 1622 612 ...53—

340 744 658 832 agricolis
752 744 1107 809 advocatis
1201 744 1533 830 explicat,
1642 765 1762 808 cur
1853 743 2260 834 Chremylus
2354 767 2472 810 eos

340 855 474 918 huc
524 853 893 940 collegerit.
990 853 1476 942 Coryphaeum
1523 865 1953 917 tetrametros
1998 855 2470 939 pronuntiasse

337 984 462 1047 per
532 983 603 1026 se
681 962 1114 1047 intellegitur.
1208 962 1373 1025 Inde
1451 984 1492 1025 a
1562 983 1762 1025 versu
1826 966 1954 1027 290
2031 962 2284 1048 gaudio
2356 985 2475 1026 ex-

341 1070 667 1133 sultantes
757 1068 1009 1133 Carion
1095 1080 1163 1132 et
1257 1070 1502 1132 chorus
1589 1069 1917 1154 incipiunt
2005 1069 2470 1134 amoebaeum.

344 1177 557 1254 Quod
656 1177 745 1241 ad
846 1177 1210 1241 verborum
1312 1188 1621 1240 tenorem
1723 1178 1998 1254 attinet,
2108 1179 2474 1241 cohaerent

340 1306 576 1348 versus
625 1289 969 1350 296-301
1027 1296 1094 1348 et
1143 1289 1517 1361 290—295,
1582 1288 1932 1349 309—315
1983 1298 2050 1348 et
2100 1290 2469 1351 302—308.

342 1390 503 1468 Qua
549 1392 809 1455 ratione
857 1393 988 1456 hoc
1055 1392 1122 1454 in
1177 1390 1550 1455 amoebaeo
1620 1392 1828 1454 utitur
1893 1390 2181 1455 chorus?
2275 1392 2475 1455 Veri-

342 1498 744 1561 simillimum
792 1498 1058 1562 videtur
1106 1520 1253 1562 esse
1304 1499 1768 1586 coryphaeum
1821 1499 2109 1563 antodas
2159 1512 2472 1563 cantasse

340 1626 423 1670 ac
490 1607 770 1670 chorum
838 1628 974 1671 non
1043 1607 1169 1670 nisi
1240 1605 1328 1670 ad
1391 1606 1584 1670 ducis
1659 1618 1726 1670 et
1792 1605 2102 1670 Carionis
2174 1608 2473 1671 carmina

339 1712 621 1777 saltasse
639 1715 706 1796 1).

475 1847 869 1911 Nubium
917 1848 1163 1933 parodi
1209 1849 1396 1933 prior
1439 1870 1601 1933 pars
1650 1848 1944 1933 pertinet
1991 1848 2149 1911 inde
2200 1871 2239 1912 a
2273 1870 2473 1912 versu

343 1960 469 2021 263
534 1977 748 2040 usque
812 1956 902 2019 ad
964 1977 1233 2019 versum
1285 1959 1432 2020 313.
1528 1954 1829 2017 Primum
1879 1953 2201 2019 Socrates
2265 1954 2473 2018 semel

341 2086 381 2126 a
451 2063 846 2149 Strepsiade
917 2065 1333 2150 interceptus
1405 2065 1538 2147 (vv.
1592 2066 1970 2147 267—268)
2052 2064 2472 2149 ‘immensum

341 2168 594 2234 Aerem
627 2169 999 2234 Aetherem
1033 2170 1273 2235 Nubes
1321 2171 1677 2256 implorat'.
1759 2169 2092 2234 Versibus
2120 2175 2199 2236 27
2210 2175 2470 2236 5—290

344 2277 587 2341 chorus
636 2279 817 2341 canit
865 2300 1011 2341 sese
1062 2277 1387 2341 nebulosa
1435 2279 1664 2362 specie
1713 2291 1918 2342 exuta
1952 2289 2264 2363 spectare
2298 2278 2472 2341 velle

341 2396 589 2447 terram
660 2385 857 2448 oculo
920 2384 1122 2470 longe
1192 2386 1668 2470 prospiciente.
1763 2385 2083 2450 Socrates
2152 2385 2267 2449 ubi
2336 2386 2473 2471 pri-

340 2513 522 2554 mum
569 2513 770 2554 versu
820 2496 939 2556 291
1010 2492 1201 2555 divas
1250 2491 1489 2555 Nubes
1538 2493 1783 2555 iterum
1831 2493 2204 2570 invocavit,
2268 2495 2471 2557 inter-

340 2611 540 2684 rogat
610 2596 1111 2683 Strepsiadem,
1191 2621 1351 2661 num
1431 2599 1767 2663 audiverit
1845 2600 2128 2663 dearum
2208 2621 2465 2664 vocem.

340 2704 603 2782 Quem,
667 2726 820 2768 cum
867 2706 1112 2791 ineptis
1160 2707 1428 2770 facetiis
1474 2708 1803 2791 pietatem
1867 2707 2143 2770 dearum
2194 2707 2468 2771 laedere

339 2811 624 2889 audeat,
686 2812 792 2875 ille
862 2813 1057 2876 silere
1119 2812 1326 2876 iubet.
1434 2812 1526 2875 Hi
1593 2835 1827 2877 versus
1892 2825 2036 2877 arte
2102 2815 2469 2903 cohaerent

341 2939 493 2982 cum
541 2919 847 2983 versibus
884 2923 1256 2985 263—274.
1331 2919 1664 2983 Versibus
1699 2902 2070 2986 299—313‘
2099 2921 2274 2984 inter
2320 2942 2468 2984 sese

338 3025 578 3089 Nubes
640 3028 990 3112 impellunt
1051 3040 1125 3090 ut
1189 3029 1276 3114 ‘in
1325 3027 1680 3091 Minervae
1729 3028 2156 3112 splendidam
2218 3040 2469 3093 terram

338 3154 489 3196 sese
538 3135 1010 3222 conferant’2).

483 3391 521 3456 1)
561 3393 804 3442 Arnoldt
839 3409 891 3456 p.
936 3395 1065 3442 108:
1121 3395 1273 3458 ‘Was
1312 3397 1368 3443 in
1409 3396 1620 3444 diesem
1665 3396 1841 3446 Stiick
1880 3399 1981 3445 mit
2022 3396 2119 3445 der
2158 3398 2468 3446 Personen-

337 3482 725 3546 bezeichnung
777 3473 964 3552 Χορός
1014 3483 1288 3531 versehen
1341 3486 1441 3544 ist,
1499 3484 1744 3546 scheint,
1803 3487 1909 3532 wie
1960 3485 2137 3533 schon
2189 3500 2300 3534 von
2350 3500 2468 3534 ver-

338 3571 678 3620 schiedenen
701 3571 896 3620 Seiten
935 3571 1193 3620 bemerkt
1233 3573 1466 3621 worden
1493 3576 1582 3632 ist,
1625 3576 1807 3639 einzig
1832 3574 1945 3621 und
1972 3574 2136 3622 allein
2166 3574 2263 3622 der
2292 3574 2468 3623 Chor-

335 3658 529 3709 ffihrer
570 3665 949 3725 vorgetragen
987 3676 1054 3708 zu
1092 3661 1312 3710 haben'.
1388 3662 1457 3710 cf.
1498 3664 1763 3710 Zielinski
1794 3678 1847 3725 p.
1892 3664 1990 3713 157
2020 3678 2101 3726 sq.

482 3774 520 3841 ²)
561 3778 807 3827 Acutam
836 3780 1222 3826 coniecturam
1248 3779 1428 3840 primo
1470 3778 1675 3827 obtutu
1711 3778 1932 3827 videtur
1955 3778 2215 3827 Zielinski
2248 3778 2316 3828 de
2356 3779 2466 3829 hoc

336 3866 463 3915 loco
515 3866 738 3916 fecisse.
813 3867 1182 3917 Proficiscens
1230 3883 1263 3916 a
1316 3883 1481 3916 versu
1535 3868 1637 3917 315
1688 3866 1831 3937 (μῶν
1866 3862 2074 3937 ἡρῷναί
2105 3870 2244 3924 τινές
2280 3870 2464 3934 sicam)

338 3955 628 4004 contendit
691 3961 820 4005 ante
878 3973 1102 4006 versum
1154 3960 1256 4008 299
1314 3972 1509 4006 versus
1572 3958 1845 4021 quosdam
1911 3957 2210 4019 excidisse3
2275 3964 2466 4008 censet

339 4046 484 4092 enim
526 4044 907 4107 Strepsiadem
958 4061 1025 4095 ex
1066 4049 1144 4096 eis
1184 4062 1325 4112 quae
1365 4046 1711 4110 praecedunt
1768 4049 1994 4095 minime
2032 4047 2177 4096 hanc
2217 4048 2466 4097 Nubium

337 4135 583 4196 speciem
648 4133 984 4183 concludere
1047 4151 1230 4198 posse.
1329 4136 1550 4186 Idcirco
1617 4139 1882 4201 quoniam
1946 4137 2277 4186 comoediae
2340 4153 2466 4200 pro-

337 4224 519 4286 prium
559 4223 630 4270 sit
671 4222 828 4270 chori
866 4238 1155 4273 accessum
1196 4226 1382 4274 verbis
1409 4228 1543 4290 ipsis
1583 4242 1806 4292 quoque
1845 4228 2121 4291 expressis
2149 4227 2465 4291 significari,
