3225 5192
1174 588 1619 651 ...59-

337 780 581 846 ducem
645 779 858 845 verba
923 781 1177 846 facere.
1286 779 1618 846 Versibus
1668 785 2015 849 500-507
2081 780 2463 846 Mercurius

333 889 783 976 Megarenses
862 901 929 953 et
994 888 1456 953 Athenienses
1536 891 1876 974 vituperat
1952 890 2110 975 quia
2187 890 2465 953 consilio

332 998 740 1085 peragendo
789 997 1083 1062 obstant.
1181 997 1621 1083 Quamquam
1680 1019 1900 1083 neque
1966 999 2030 1061 in
2087 999 2218 1062 hac
2263 998 2467 1083 parti-

334 1106 486 1170 cula
556 1127 790 1169 omnes
856 1118 993 1169 tres
1057 1128 1391 1191 personae
1465 1106 1794 1168 exsistunt
1864 1127 2084 1190 neque
2150 1127 2467 1169 versuum

335 1234 652 1276 numerus
702 1225 1021 1277 accurate
1070 1213 1454 1297 respondet,
1505 1226 1731 1276 tamen
1770 1234 1901 1275 non
1939 1212 2152 1276 solum
2183 1225 2467 1297 propter

335 1316 523 1385 idem
565 1334 875 1399 metrum,
925 1322 1046 1385 sed
1095 1323 1295 1384 etiarn
1330 1334 1613 1406 propter
1645 1321 1825 1384 idem
1857 1320 2219 1385 verborum
2266 1341 2469 1406 argu-

338 1440 638 1492 mentum
716 1429 890 1492 duae
971 1429 1121 1492 illae
1193 1441 1423 1513 partes
1503 1429 1678 1491 inter
1747 1450 1819 1492 se
1891 1428 2205 1492 videntur
2276 1428 2468 1513 quasi

336 1537 690 1621 oppositae
757 1558 926 1600 esse.
1021 1535 1272 1599 Iterum
1347 1537 1776 1624 coryphaeus
1840 1536 2223 1599 Mercurius
2288 1535 2470 1621 Try-

333 1665 547 1729 gaeus
575 1645 710 1727 (vv,
741 1645 1146 1728 508—511),
1182 1665 1353 1729 quos
1387 1644 1641 1729 excipit
1673 1643 1831 1706 inde
1865 1666 1905 1706 a
1937 1665 2136 1706 versu
2165 1647 2291 1707 512
2318 1663 2466 1726 sqq.

334 1761 519 1813 totus
568 1751 832 1826 chorUS,
900 1761 973 1812 ut
1023 1772 1255 1814 omnes
1302 1772 1546 1814 nervos
1597 1751 2034 1826 contendant,
2099 1751 2273 1812 inter
2320 1770 2468 1812 sese

339 1858 800 1920 exhortantur.

472 1979 1048 2046 Pertractavimus
1074 1982 1273 2047 Pacis
1306 1983 1640 2068 parodum
1667 1983 1859 2068 quasi
1892 1983 2226 2068 integram
2261 1994 2466 2066 atque

339 2088 761 2154 incolumem.
838 2088 977 2155 Sed
1025 2092 1341 2176 quoniam
1395 2102 1662 2154 constat
1711 2090 2015 2161 fabulam
2062 2102 2130 2154 et
2177 2090 2478 2152 maxime

335 2196 670 2279 parodum
747 2210 1046 2260 nostram
1134 2210 1570 2261 retractatam
1660 2219 1806 2261 esse
1884 2198 2239 2273 traditam,
2316 2217 2467 2279 'non

337 2302 628 2365 alienum
699 2323 845 2366 esse
919 2316 1085 2388 puto
1156 2304 1512 2380 nonnulla,
1584 2305 1846 2367 etiamsi
1915 2326 2052 2368 non
2121 2325 2468 2389 speremus

335 2409 802 2494 quaestionem
854 2410 943 2473 ad
993 2423 1253 2473 certum
1302 2411 1556 2473 exitum
1605 2411 1973 2483 adductum
2024 2412 2124 2488 iri,
2158 2410 2471 2489 ‚breviter

336 2536 628 2579 monere.
737 2515 829 2579 Et
891 2516 1052 2580 illud
1123 2517 1396 2602 quidem
1465 2518 1599 2580 iam
1669 2541 1873 2603 supra
1944 2518 2469 2604 significavimus

336 2623 631 2686 maxima
696 2645 781 2685 ex
828 2635 1025 2708 parte
1084 2625 1279 2688 huius
1344 2626 1586 2710 parodi
1650 2637 2057 2689 structuram
2117 2625 2470 2688 metricam

339 2729 539 2815 longe
588 2729 839 2793 distare
889 2752 928 2793 a
977 2733 1224 2795 ceteris
1271 2733 1568 2817 parodis.
1643 2732 1798 2795 Huc
1847 2733 2186 2816 pertinent
2233 2753 2468 2795 versus

340 2839 713 2914 296—298,
777 2842 1148 2915 361—382,
1213 2843 1587 2915 400—425‚
1653 2843 2027 2914 473—485‚
2094 2843 2465 2904 500—507.

337 2941 478 3006 Sed
548 2945 756 3009 multo
827 2947 1151 3009 maiorem
1221 2946 1688 3010 difficultatem
1760 2945 2044 3030 praebet
2105 2946 2467 3010 verborum

337 3061 549 3114 tenor.
613 3052 796 3115 Nam
829 3075 913 3116 ne
963 3075 1115 3116 eum
1164 3054 1460 3139 quidem,
1511 3055 1626 3138 qui
1675 3053 1893 3117 obiter
1924 3055 2101 3118 hanc
2134 3054 2468 3138 parodum

338 3158 736 3241 inspexerit,
802 3162 1083 3225 chorum
1131 3162 1378 3246 partim
1428 3182 1512 3225 ex
1561 3162 1877 3248 agricolis
1927 3160 2175 3225 Atticis
2222 3162 2469 3246 partim

337 3285 425 3326 ex
475 3265 770 3327 omnium
833 3267 1178 3330 civitatum
1227 3268 1651 3332 Graecarum
1713 3268 1971 3332 civibus
2020 3270 2468 3353 compositum

337 3390 484 3434 esse
533 3371 840 3457 effugiet.
935 3373 1138 3437 Unde
1204 3377 1498 3460 profecti
1565 3378 1688 3440 viri
1747 3377 1931 3441 docti
1980 3374 2349 3462 &anger-1)
2400 3387 2468 3439 et

336 3476 752 3563 Braeum'ng
768 3479 814 3561 2)
843 3480 1099 3564 optimo
1126 3481 1265 3544 iure
1288 3482 1815 3546 enucleaverunt
1837 3496 2139 3546 nostram
2163 3481 2467 3545 fabulam

338 3596 554 3647 ortam
604 3605 749 3648 esse
800 3608 886 3647 ex
935 3585 1199 3649 duabus
1246 3586 1517 3665 fabulis,
1566 3611 1853 3674 quarum
1902 3590 2174 3652 alterius
2225 3590 2468 3653 chorus

320 3711 424 3753 -ex
494 3692 809 3777 agricolis
881 3691 1166 3770 Atticis,
1247 3694 1520 3761 alterius
1594 3718 1681 3758 ex
1754 3697 2046 3759 omnium
2121 3697 2469 3760 civitatum

338 3796 758 3862 Graecarum
793 3799 1053 3864 civibus
1089 3801 1485 3865 constiterit.
1537 3801 1725 3878 Quin
1759 3803 1961 3865 etiam
1993 3802 2234 3886 prioris
2267 3801 2468 3866 Pacis

484 4066 523 4134 ¹)
569 4070 833 4134 Stanger‚
874 4059 1029 4122 t'jber
1069 4074 1481 4139 Umarbeitung
1521 4076 1735 4139 einiger
1774 4073 2317 4137 Aristophanischen
2356 4073 2469 4122 Ko-

338 4160 599 4208 moedien
662 4159 897 4224 Leipzig
939 4163 1074 4213 1870
1137 4180 1189 4227 p.
1230 4165 1297 4214 30
1337 4180 1456 4228 sqq.

484 4265 523 4333 ²)
565 4267 892 4333 Braeum'ng
928 4284 980 4331 p.
1027 4271 1088 4318 15
1128 4285 1245 4334 sqq.
1323 4270 1395 4320 cf.
1436 4272 1702 4320 Zielinski
1733 4287 1785 4334 p.
1827 4273 1893 4320 63
1933 4286 2050 4334 sqq.
