3225 5192
1641 526 2038 591 ...8-

788 718 992 783 aliam
1040 718 1376 783 accedere
1425 719 1655 783 nescio
1702 741 1789 783 an
1836 720 1991 785 inde
2025 721 2241 806 repeti
2272 720 2509 806 possit,
2554 721 2740 806 quod
2784 720 2916 786 hae

790 825 1064 890 fabulae
1138 838 1547 890 retractatae
1629 848 1888 913 eaeque
1958 828 2227 891 minime
2296 828 2651 913 perfectae
2720 828 2916 894 nobis

788 934 1080 998 traditae
1148 945 1321 997 sunt.
1434 933 1509 996 In
1570 935 1814 998 ceteris
1874 933 2123 999 fabulis
2186 935 2428 1020 parodi
2494 935 2695 999 finem
2758 936 2913 1001 inde
2977 966 2984 972 ·

787 1040 1237 1126 intellegimus
1286 1041 1471 1126 quod
1519 1052 1637 1104 aut
1687 1063 1905 1105 novae
1951 1063 2283 1127 personae
2332 1063 2480 1106 sese
2529 1056 2915 1129 aggregant

786 1148 877 1212 ad
958 1168 1072 1211 eas
1144 1168 1320 1233 quae
1402 1148 1466 1210 in
1537 1168 1787 1212 scaena
1864 1149 2112 1213 adsunt
2190 1147 2603 1238 (Lysistrata
2671 1149 2912 1215 Ranae

787 1253 1410 1319 Ecclesiazusarum
1458 1255 1759 1339 parodus
1794 1254 1877 1338 II)
1927 1267 2043 1320 aut
2092 1255 2303 1320 altera
2350 1278 2642 1341 persona
2689 1257 2916 1342 prodit

795 1373 999 1448 atque
1050 1362 1262 1426 altera
1310 1382 1628 1426 scaenam
1674 1362 1989 1449 relinquit
2039 1365 2128 1447 (in
2162 1362 2363 1427 Pluto
2397 1362 2800 1450 Chremylus
2847 1377 2916 1427 et

792 1469 1023 1553 Cario)
1087 1481 1204 1533 aut
1254 1471 1500 1533 chorus
1548 1470 1694 1556 ipse
1744 1470 2054 1535 abscedit
2102 1471 2753 1555 (Ecclesiazusarum
2799 1494 2914 1556 pa-

788 1575 994 1639 rodus
1028 1575 1103 1659 Ι).
1185 1576 1530 1653 Quoniam
1579 1578 1784 1664 igitur
1815 1600 1936 1642 sex
1969 1578 2245 1643 fabulae
2294 1578 2604 1664 (Equites
2637 1578 2913 1664 Vespae

793 1682 981 1746 Aves
1015 1682 1498 1748 Acharnenses
1547 1683 1790 1749 Nubes
1839 1684 2013 1769 Pax)
2062 1697 2344 1771 propter
2391 1706 2632 1750 causas
2679 1687 2915 1750 allatas

790 1790 997 1854 exitui
1034 1791 1276 1875 parodi
1310 1791 1699 1855 definiendo
1733 1791 1821 1855 nil
1854 1791 2208 1878 praebent,
2258 1814 2345 1857 ex
2392 1794 2636 1856 ceteris
2668 1791 2915 1856 fabulis

792 1897 1087 1983 aliquam
1147 1899 1371 1984 legem
1419 1899 1527 1962 vel
1573 1921 1879 1963 normam
1944 1900 2213 1964 minime
2275 1900 2489 1963 ausim
2554 1900 2914 1964 deducere.

1780 2131 1923 2213 μ.

925 2255 1345 2343 Inquiramus
1414 2258 1579 2343 quid
1646 2278 1733 2320 ex
1800 2256 2162 2321 verborum
2224 2269 2458 2322 tenore
2520 2270 2588 2321 et
2648 2259 2918 2322 ineunte

789 2377 858 2428 et
925 2376 1216 2429 exeunte
1279 2366 1545 2451 parodo
1611 2366 1915 2442 eluceat,
1977 2363 2092 2428 ubi
2159 2364 2422 2429 initium
2481 2365 2596 2429 ubi
2664 2367 2919 2429 exitum

789 2494 1141 2557 ponamus.
1239 2472 1347 2536 Ac
1394 2474 1689 2558 primum
1755 2472 2032 2559 quidem
2102 2493 2225 2557 per
2285 2492 2359 2536 se
2424 2473 2634 2558 liquet
2695 2473 2761 2535 in
2824 2472 2919 2535 eis

790 2578 1052 2657 fabulis,
1101 2602 1388 2667 quarum
1433 2581 1676 2666 parodi
1726 2582 1913 2645 initio
1962 2582 2189 2645 statim
2225 2582 2470 2645 chorus
2504 2582 2919 2645 orchestram

790 2688 1167 2774 ingreditur
1230 2700 1435 2775 atque
1504 2689 1758 2752 actioni
1806 2689 2121 2765 interest,
2185 2687 2547 2751 verborum
2614 2700 2917 2752 tenorem

788 2816 955 2879 prae
1006 2818 1077 2860 se
1130 2796 1303 2861 ferre
1350 2798 1787 2882 perspicuam
1833 2796 2423 2882 permutationem.

928 2901 1001 2965 In
1072 2901 1828 2967 Acharnensibus
1906 2902 2397 2989 Amphitheus‚
2474 2904 2728 2988 quippe
2806 2903 2920 2987 qui

793 3021 1071 3073 auctore
1119 3009 1615 3095 Dicaeopolide
1687 3031 1842 3074 cum
1888 3009 2454 3074 Lacedaemoniis
2503 3010 2589 3074 de
2636 3009 2918 3073 foedere

793 3137 995 3180 ausus
1043 3118 1128 3181 sit
1175 3138 1405 3203 agere,
1463 3139 1664 3181 versu
1716 3122 1842 3184 203
1894 3116 2117 3181 verbis
2165 3115 2286 3204 ἐγὼ
2334 3117 2405 3183 δὲ
2453 3114 2809 3205 φευξοῦμαί
2853 3141 2921 3202 γε

790 3221 943 3303 τοὺς
986 3218 1330 3312 Ἀχαρνέας
1394 3223 1712 3289 exhibitis
1779 3226 1891 3288 vix
1956 3247 1997 3289 a
2046 3246 2296 3289 scaena
2313 3227 2359 3308 ¹)
2427 3222 2694 3301 abibat,
2767 3244 2918 3287 cum

792 3342 1076 3416 repente
1129 3333 1373 3396 chorus
1407 3353 1608 3396 versu
1644 3336 1772 3398 204
1821 3331 1908 3396 ab
1958 3332 2089 3396 alia
2134 3342 2330 3417 parte
2366 3343 2687 3395 contento
2723 3351 2920 3394 cursu

792 3440 1379 3504 vehementissime
1428 3441 1638 3504 iratus
1687 3440 2105 3526 aggreditur,
2174 3452 2246 3503 ut
2293 3430 2732 3525 proditorem'
2760 3438 2922 3502 ulci-

792 3560 1021 3612 scatur
1068 3560 1136 3611 et
1181 3549 1438 3633 puniat.
1532 3547 1609 3611 In
1658 3547 1981 3632 Vespis
2046 3546 2162 3611 ubi
2208 3548 2498 3633 primum
2544 3567 2744 3610 versu
2793 3549 2917 3610 227

792 3655 1214 3744 Bdelycleon
1285 3657 1352 3718 in
1400 3656 1677 3720 domum
1742 3676 1813 3719 se
1878 3654 2194 3732 contulit,
2262 3655 2438 3718 servi
2502 3654 2644 3717 eius
2692 3652 2920 3717 Sosias

793 3774 861 3825 et
908 3761 1286 3840 Xanthias‚
1356 3785 1439 3826 ne
1488 3761 1885 3827 Philocleon
1946 3761 2034 3826 ab
2081 3762 2379 3826 heliastis
2438 3783 2562 3846 per
2626 3762 2763 3823 vim
2832 3759 2921 3822 ad

793 3869 1228 3933 iudicandum
1278 3869 1675 3956 abripiatur,
1723 3871 1911 3934 foras
1961 3871 2305 3935 custodias
2337 3868 2611 3934 habent.
2675 3868 2919 3953 Neque

938 4120 977 4187 ¹)
1019 4123 1107 4171 Ne
1134 4123 1354 4187 longius
1382 4123 1704 4171 aberrarem
1730 4137 1762 4170 a
1783 4137 1861 4184 re,
1889 4138 1990 4186 per
2017 4127 2197 4172 totam
2219 4123 2362 4171 hanc
2385 4122 2924 4171 commentationem

796 4227 827 4260 a
868 4212 1293 4276 quaestionibus
1334 4214 1606 4261 scaenicis
1645 4227 1874 4275 prorsus
1912 4212 2174 4262 abstinui.
